3210 5424
702 338 769 394 lara
1349 319 1409 383 471

60 497 210 562 tratribus
232 499 273 562 de
295 499 429 564 Strioket
450 500 576 564 famulis
599 503 631 563 et
652 500 719 564 aliis
742 519 839 582 quam
862 499 1016 582 pluribus,
1039 501 1195 581 paterque
1219 500 1287 582 ejus
1310 498 1412 564 idem-

59 626 124 688 que
146 606 218 670 ferit
240 607 272 670 in
293 607 467 689 Lengerlre,
490 609 620 691 quando
641 608 684 672 ad
706 610 945 672 tomamentum
967 606 1086 670 ibidem
1108 608 1175 685 fuit,
1200 608 1255 689 qui
1277 627 1297 672 a
1318 608 1412 672 nobis

59 715 160 778 eciam
183 714 315 778 domum
337 715 454 779 dictam
477 715 508 778 in
530 715 625 780 feodo
649 716 788 795 tenebat,
821 716 1022 797 presentibus
1044 714 1211 780 Gosswino
1234 714 1412 794 Keselinck‚

59 821 232 886 Gosscalko
264 823 347 887 dicto
380 823 503 901 Budde‚
536 820 664 886 Hinrico
698 823 739 887 de
772 821 991 900 Scholtbroke,
1027 821 1214 886 Hermanno
1245 822 1413 887 Keselinck

59 930 220 1008 militibus,
242 930 397 1007 iohanne,
420 929 580 1009 Goswino,
603 930 740 995 Rodolfo
762 931 852 995 dictis
875 929 1051 1008 Keselinck‚
1081 929 1250 994 Thiderioo
1273 933 1304 994 et
1326 929 1412 994 Con·

58 1038 137 1102 rado
160 1038 200 1101 de
223 1036 331 1103 Horne
354 1037 479 1102 lamulis
508 1041 540 1101 et
568 1037 636 1101 aliis
665 1056 763 1120 quam
791 1038 944 1121 pluribus.
989 1037 1199 1102 Postmodum
1223 1037 1411 1102 Tbiderieus
1536 1111 1543 1125 ⁸

59 1146 100 1210 de
122 1145 232 1209 Horne
254 1147 351 1210 irater
371 1145 470 1227 ipsius
493 1144 634 1209 Conradi
661 1146 792 1209 veniens
821 1145 864 1209 ad
891 1163 950 1209 nos
972 1144 1085 1227 Telget
1114 1145 1251 1210 eandem
1278 1146 1412 1210 domum

59 1253 176 1317 ibidem
201 1253 292 1318 nobis
314 1252 460 1317 absolute
482 1271 520 1317 aa
541 1251 639 1317 libere
662 1252 840 1334 resignavit,
863 1252 1065 1335 presentibus
1086 1252 1222 1317 Ludolfo
1244 1254 1285 1318 de
1307 1252 1411 1332 Rode,

59 1360 224 1425 Lubberto
251 1362 292 1426 de
319 1360 407 1440 Due,
441 1359 586 1431 Wesselo
609 1361 649 1425 de
671 1359 807 1439 Borion,
841 1359 1026 1426 Hermanno
1055 1361 1139 1426 dieto
1162 1360 1274 1440 flesse,
1307 1361 1412 1425 Brun-

59 1473 151 1534 steno
180 1471 220 1535 de
243 1468 340 1535 Horst
368 1469 504 1548 famulis,
537 1468 701 1534 Gerhardo
732 1469 816 1533 dieto
838 1467 946 1532 Gunoe
977 1471 1009 1532 et
1041 1467 1108 1531 aliis
1140 1487 1238 1549 quarn
1268 1467 1412 1551 pluribus

59 1577 122 1642 fide
144 1578 255 1658 dignis.
299 1577 430 1659 Nosque
457 1580 530 1660 post
551 1576 684 1640 liberam
707 1580 738 1640 et
760 1576 970 1641 voluntariam
995 1577 1246 1657 resignacionem
1268 1577 1411 1658 ipsorum

58 1686 234 1768 predictam
258 1686 390 1750 domum
413 1686 541 1750 Loteslo
574 1702 647 1748 cum
683 1684 876 1767 proprietate
906 1704 944 1749 ac
975 1683 1129 1749 universis
1160 1685 1337 1748 attinenciis
1370 1684 1411 1748 de

58 1793 154 1874 pleno
177 1811 335 1857 consensu
357 1794 388 1856 et
411 1812 562 1874 expressa
584 1792 747 1856 voluntate
769 1792 898 1857 domine
920 1791 1088 1856 Richardis
1110 1792 1218 1856 uxoris
1240 1794 1349 1856 nostre
1372 1810 1410 1857 ac

59 1900 230 1964 liberorum
264 1904 445 1964 nostrorum
478 1898 604 1965 Ottonis
636 1899 780 1964 videlicet
811 1903 843 1964 et
876 1899 1058 1980 Engelberti
1091 1900 1285 1964 monasterio
1316 1899 1410 1964 beate

58 2008 156 2072 Marte
179 2006 394 2072 Cisteroiensis
424 2006 544 2071 ordinis
573 2007 605 2070 in
627 2006 843 2072 Gravenhorst
875 2007 916 2071 ad
950 2007 1105 2072 honorem
1128 2006 1186 2070 Dei
1216 2009 1249 2070 et
1275 2006 1409 2087 gloriose

60 2118 168 2180 matris
190 2134 246 2179 sue
268 2115 439 2180 liberaliter
461 2115 651 2180 contulimus
674 2118 706 2179 et
727 2115 920 2180 conferimus
942 2115 973 2179 in
994 2115 1054 2179 hiis
1076 2115 1209 2197 scriptis,
1232 2113 1264 2178 in
1286 2115 1410 2196 prefata

60 2225 158 2288 domo
179 2223 271 2288 nichil
293 2224 423 2287 omnino
441 2223 521 2306 juris
542 2222 592 2286 vel
614 2222 821 2305 impetioionis
847 2223 939 2287 nobis
967 2242 1004 2287 ae
1026 2224 1142 2288 nostris
1164 2221 1336 2287 heredibus
1358 2240 1409 2285 re·

60 2335 231 2396 servantes.
255 2330 302 2395 Ne
325 2331 417 2412 igitur
439 2331 479 2395 de
501 2330 688 2413 supradictis
709 2331 929 2414 calumpniosa
952 2329 1127 2412 questionis
1148 2330 1282 2393 materia
1305 2329 1409 2394 valeat

59 2438 201 2518 suboriri,
234 2457 368 2520 presens
401 2438 554 2520 scripturn
587 2437 661 2501 inde
690 2438 871 2502 contectum
904 2439 1013 2501 nostro
1044 2435 1143 2518 sigillo
1165 2436 1298 2501 lecimus
1320 2457 1410 2504 com·

58 2545 182 2610 muniri.
204 2544 321 2608 Actum
343 2548 409 2608 tam
431 2543 464 2607 in
485 2540 803 2628 Tenekeneborch(!)
827 2562 926 2625 quam
947 2543 979 2605 in
998 2541 1112 2624 Telget
1133 2546 1165 2607 et
1187 2543 1219 2607 in
1233 2544 1408 2626 Lengerke,

57 2642 259 2735 presentibus
280 2649 430 2714 militibus
458 2655 490 2713 et
520 2648 645 2713 famulis
674 2649 864 2732 supradietis
895 2651 927 2712 et
956 2647 1024 2712 aliis
1051 2666 1148 2730 quam
1179 2649 1323 2732 pluribus
1345 2650 1409 2714 fide

58 2760 170 2842 dignis.
214 2758 332 2823 Datum
361 2776 447 2822 anno
473 2756 599 2822 Domini
621 2755 879 2836 M⁰GG⁰LXXIX,
912 2756 963 2820 die
996 2756 1155 2823 dominica
1186 2761 1261 2840 post
1291 2758 1408 2824 festum

58 2869 201 2934 omnium
223 2869 418 2931 sanctorum.

57 3416 134 3483 665.
157 3416 317 3497 -1279,
340 3413 515 3488 hortator
537 3412 673 3484 12-18.

226 3570 309 3652 (brot
330 3568 439 3653 egbert
460 3587 520 3635 oon
536 3568 694 3654 hontheim
715 3567 824 3651 toulht
847 3568 901 3635 mit
923 3568 973 3635 ber
995 3555 1123 3649 ithttllm
1144 3566 1324 3654 (hilathithe)
1347 3586 1408 3635 oon

225 3677 353 3759 herfort
376 3673 600 3754 litiniitertoten
622 3686 693 3744 oua.
1315 3688 1319 3693 ·

321 3831 463 3902 brinnon
487 3830 543 3901 teht
561 3829 705 3903 hetmdttgt
723 3829 779 3888 unt
804 3843 858 3886 out
880 3829 943 3901 uod)
963 3828 1145 3902 ttrtmmbrmg
1164 3833 1219 3886 hou
1238 3830 1406 3902 irrogentur

321 3930 395 4061 ῗῖιιιιᾶδ
402 3915 622 4059 ῗΙβῑξίῑῃῐῖεᾷθῙέτέΊ
633 3918 670 3973 lm
688 3915 883 3987 &tootsotdrto
902 3914 1036 3986 bituito.
1074 3915 1173 3974 boort:
1201 3914 1294 3986 &toto
1316 3915 1407 3989 thalli.

181 4149 248 4214 Nos
273 4148 432 4230 Egbertus
464 4164 573 4211 comes
605 4144 646 4210 de
671 4144 829 4210 Benthem
861 4148 974 4210 notum
1007 4143 1156 4230 f(acimus
1190 4145 1407 4228 [presentibus

54 4256 290 4339 protestando],
312 4256 400 4338 quod
422 4273 481 4319 nos
495 4252 705 4336 Ermegardin
726 4271 858 4318 uxorem
874 4251 1051 4318 Hermanni
1072 4252 1145 4318 dicti
1159 4252 1256 4336 Geyst
1276 4257 1308 4318 et
1326 4253 1408 4319 filios

56 4363 124 4444 eJus
149 4410 377 4429 ........
401 4365 528 4427 nostros
550 4359 770 4425 ministeriales
797 4407 804 4422 .
828 4410 837 4426 .
859 4359 1022 4424 abbatisse
1045 4362 1076 4424 et
1097 4359 1236 4441 capitulo
1258 4360 1408 4427 secularis

55 4467 201 4552 (ecclesie
222 4467 469 4553 Hervordensis)
493 4516 754 4536 .........
776 4467 809 4532 in
836 4466 1056 4533 ministeriales
1085 4467 1200 4532 damus
1231 4468 1407 4535 dummodo

54 4577 147 4640 nobis
168 4575 368 4656 Stephanum
399 4577 498 4642 filium
521 4625 780 4644 .........
803 4575 908 4662 (titulo
930 4576 1186 4662 permuta)tionis
1214 4576 1353 4659 legitime
1375 4577 1407 4643 in

54 4681 294 4747 ministerialem
315 4681 392 4746 dent
414 4701 544 4748 suarum
566 4684 748 4750 testimonio
770 4684 984 4771 (litterarum).
1008 4682 1139 4774 [Datum
1161 4704 1248 4751 anno
1264 4682 1405 4775 Domini]

53 4787 276 4858 M⁰CC⁰LXX⁰
297 4808 393 4870 nono,
415 4788 497 4855 intra
517 4793 647 4856 octavas
669 4790 756 4858 beati
775 4790 912 4857 Martini.

180 4922 290 5008 aare
312 4923 372 4992 rmb
395 4921 587 5009 arrengum
609 4920 783 5009 obgaluttm.
