3210 5424
730 375 797 429 1252
1398 361 1437 424 37

129 532 171 600 47.
187 573 218 583 -
238 534 379 607 bremen.
403 537 495 606 1252.

263 667 363 735 meere
385 668 578 754 (euertere),
609 668 769 753 botilde?
790 687 849 736 oon
870 669 1012 738 tieotonb
1036 671 1096 737 unt
1119 671 1271 755 beroien,
1298 674 1434 741 bomini:

263 777 368 854 tiator
389 777 440 843 bet
462 776 597 844 tttibeder
612 778 722 860 ttirebe'
744 777 972 862 beoobmtidrtiot
993 780 1069 846 heim
1084 780 1287 848 Dtoobrttdet
1305 783 1438 864 (trottet,

264 886 394 968 oodbem
416 886 546 966 boeletbe
568 887 793 954 cineraceam
815 888 847 952 in
864 887 963 954 &aba
986 887 1134 968 neritum
1156 888 1245 972 batte
1267 889 1322 956 ben
1342 889 1437 972 buter

263 996 351 1080 lteter
380 1015 439 1063 oon
461 996 641 1080 tlontiuioco
672 1015 724 1080 aar
746 996 964 1081 bertonbtonss
994 996 1065 1062 tiber
1095 996 1140 1062 bie
1163 994 1359 1081 ttuetotoong
1381 997 1436 1064 bes

262 1106 310 1173 tet
332 1105 431 1189 ttidte
452 1107 503 1173 bea
525 1105 660 1188 bileteria
682 1106 723 1172 im
746 1105 929 1184 telamone
959 1105 1010 1173 tea
1038 1104 1240 1184 oerttmbeoeo
1263 1107 1435 1191 burotam

262 1214 421 1298 {lebannes
443 1213 635 1299 ouussetetten
657 1214 791 1298 tegetes.

357 1346 500 1418 uaginae:
520 1345 691 1418 bomettbio.

224 1465 399 1552 adbertus)
428 1467 630 1531 miseratione
663 1465 768 1531 divina
797 1465 1053 1548 archiepiscopus
1088 1464 1226 1548 Lyvonie
1257 1469 1288 1529 et
1319 1466 1436 1545 Prude,

131 1574 238 1640 minister
265 1574 394 1640 ecclesie
423 1574 615 1658 Lubyceusis
649 1573 825 1638 reverendo
857 1574 889 1638 in
921 1572 1046 1639 Christo
1079 1575 1201 1639 decano
1235 1577 1267 1637 et
1300 1576 1437 1657 capitulo

130 1680 314 1765 Osnaburgeu.
348 1685 483 1749 salutem
522 1684 553 1748 in
588 1683 733 1749 Domino.
778 1684 864 1748 Licet
900 1683 940 1746 ad
974 1683 1059 1746 diem
1092 1683 1248 1765 prefixum
1283 1684 1372 1748 vobis
1406 1685 1437 1749 in
1472 1728 1478 1740 ·

128 1788 211 1855 Studio
235 1811 297 1856 non
320 1793 468 1857 veneritis
497 1796 529 1857 et
558 1812 614 1856 vos
643 1790 883 1874 preauticipatio
914 1810 980 1854 non
1001 1795 1129 1855 excuset
1153 1794 1184 1854 et
1207 1811 1246 1856 ex
1268 1791 1330 1857 hoe
1351 1813 1436 1875 pena

128 1901 289 1964 coutumaeie
311 1902 401 1984 sequi
424 1904 543 1983 posset,
565 1901 652 1984 quod
675 1904 782 1964 tamen
804 1902 908 1964 vestre
929 1898 1064 1964 libenter
1082 1899 1253 1964 deferimus
1275 1902 1435 1967 honestati

128 2007 151 2067 el
177 2004 201 2069 in
226 2007 331 2071 litteris
362 2008 473 2072 vestris
504 2007 724 2073 continebatur
750 2026 947 2089 expressum,
975 2010 1010 2070 ut
1041 2008 1242 2072 concordiam
1265 2009 1435 2074 nobiscum

127 2113 280 2181 attentaretis
310 2121 342 2181 et
369 2136 491 2199 pacem,
521 2137 580 2181 nos
611 2117 654 2181 ad
684 2116 822 2180 eundern
852 2115 948 2179 finem
979 2116 1147 2180 tendentes
1169 2136 1281 2198 pacem
1305 2122 1337 2182 et
1357 2137 1435 2184 con·

127 2223 234 2288 cordiam
255 2226 451 2290 affectamus.
495 2226 588 2290 Unde
617 2226 707 2290 latori
736 2225 935 2308 presencium
957 2223 1043 2288 fratri
1067 2225 1162 2289 Petro
1184 2226 1224 2290 de
1246 2226 1434 2293 Pontiniaco

126 2329 210 2395 danus
228 2336 419 2416 potestatem
441 2333 654 2417 componendi
675 2333 839 2397 vobiscum
861 2335 970 2396 nostro
992 2335 1024 2396 et
1045 2334 1174 2398 nomine
1196 2335 1299 2416 neptis
1322 2339 1431 2399 nostre

126 2458 172 2520 que
187 2442 235 2506 luit
255 2463 347 2509 soror
367 2445 451 2508 bone
474 2442 626 2507 memorie
649 2440 802 2506 iohannis
831 2438 1035 2504 concanonici
1065 2439 1162 2504 vestri
1191 2442 1281 2524 cujus
1303 2442 1433 2507 interest

126 2547 214 2615 ludus
234 2552 396 2634 prebende
427 2571 484 2616 sue
505 2553 613 2633 petere
636 2552 801 2631 tamquam
824 2545 883 2610 sibi
905 2565 925 2610 a
946 2546 1041 2611 fratre
1064 2547 1195 2631 legatos.
1238 2548 1325 2614 Scire
1348 2552 1433 2616 enim

125 2675 166 2720 vos
182 2660 325 2738 volumus,
356 2662 441 2744 quod
471 2660 635 2741 indignum
665 2658 758 2722 valde
786 2659 1008 2740 reputaremus
1034 2660 1145 2720 eontra
1166 2676 1224 2721 vos
1246 2658 1286 2722 de
1308 2678 1343 2723 re
1365 2663 1432 2725 tarn

124 2767 219 2834 modica
249 2770 414 2852 querelari.
457 2768 513 2833 Set
544 2768 684 2852 prelatus
716 2766 878 2831 lohannes
916 2767 1054 2832 moriens
1083 2765 1261 2853 reliquid(!)
1293 2773 1366 2852 post
1397 2790 1432 2835 se

123 2873 184 2939 duas
201 2896 320 2943 sorores
342 2879 399 2943 soli
422 2878 489 2943 Deo
518 2882 683 2961 tamquam
712 2875 873 2960 orphanas
902 2876 1078 2955 derelictas,
1110 2893 1246 2960 quarum
1273 2897 1371 2942 unam
1393 2879 1433 2944 de

123 2985 212 3049 uostris
230 2987 376 3069 expensis
398 2986 581 3065 locavimus,
603 2985 704 3051 altera
721 2988 790 3069 jam
812 2985 926 3050 nubilis
948 2986 1027 3069 petit
1049 2988 1167 3053 fruetus
1189 2989 1353 3071 prebende
1374 2989 1434 3053 sibi

123 3088 220 3158 debitos
239 3114 277 3159 ex
299 3095 414 3178 legato,
437 3115 518 3178 quos
534 3094 695 3159 lohannes
718 3096 792 3157 ante
814 3097 951 3158 mortem
973 3113 1065 3160 suam
1088 3097 1128 3161 ad
1149 3096 1233 3160 llllll
1254 3115 1434 3161 marcorum

124 3197 260 3266 valentiam
283 3203 450 3269 estimavit.
495 3202 592 3283 Cujus
618 3202 801 3266 testamenti
824 3205 1009 3267 executores
1031 3204 1194 3269 constituit
1215 3205 1275 3269 sub
1297 3204 1432 3269 fratrum

124 3308 326 3385 predicatorum
366 3313 546 3377 testimonio
583 3314 616 3375 et
647 3311 829 3377 multorum.
873 3311 1102 3377 Verumtamen
1135 3316 1240 3377 ratum
1274 3312 1433 3378 habemus

126 3414 243 3500 quequid
263 3440 334 3486 cum
358 3422 500 3504 predicto
522 3421 618 3485 lratre
641 3418 766 3505 P(etro)
795 3423 901 3484 actum
929 3419 1022 3484 luerit
1049 3422 1080 3484 et
1102 3420 1272 3485 firmatum.
1315 3420 1433 3486 Datum

125 3519 232 3605 Biemis3
250 3548 336 3594 anno
357 3530 457 3612 gratie
480 3529 645 3593 millesimo
668 3527 805 3604 CC⁰L113
828 3527 931 3610 vigilia
952 3527 1179 3611 apostolorum.
1202 3564 1244 3576 -

223 3637 324 3721 aeger
346 3656 413 3704 nont
435 3634 733 3722 fflmoomeotttreiten
757 3634 928 3719 obqetotteo.

124 3902 168 3973 4⁸·
183 3945 218 3960 -
236 3915 417 3988 memma.
423 3917 449 4002 1)

258 4051 322 4117 §ber
338 4048 477 4132 ermittte
492 4046 608 4129 bildof
623 4047 732 4115 titum
750 4046 826 4130 oiebt
843 4047 908 4114 bem
924 4047 1113 4129 tbomcooitet
1130 4047 1206 4128 letne
1224 4047 1432 4133 gutttmmong

257 4177 320 4242 aum
332 4156 466 4238 bolonie
479 4174 538 4223 oon
551 4155 611 4239 ibor
625 4155 829 4241 [conuertere
843 4156 941 4224 uoto
952 4156 1004 4223 bet
1015 4156 1191 4240 btetbetren
1204 4174 1262 4223 oon
1276 4156 1431 4226 tttooteno

257 4268 316 4334 aab
332 4265 486 4348 nertoridt
504 4264 643 4344 bettonb
661 4282 751 4349 flegeo
768 4263 953 4349 oenotdome
965 4262 1111 4348 bingeilte
1127 4264 1160 4329 in
1177 4264 1231 4330 ben
1244 4263 1431 4346 uberrime.

353 4399 496 4470 Drtsstnot:
525 4398 687 4470 momordit)
716 4398 783 4469 (teba
811 4396 915 4470 illatio
944 4396 1121 4469 oetebrteben).
1159 4397 1257 4456 brad:
1281 4395 1377 4469 mitto.
1397 4399 1432 4467 Vl

355 4484 393 4542 (ἔ).
411 4486 472 4540 312.

223 4601 351 4688 B(runo)
382 4603 439 4667 Dei
469 4605 569 4686 gratia
598 4604 854 4685 osnaburgensis
884 4604 1001 4669 electus
1032 4604 1150 4669 dilectis
1178 4605 1209 4668 in
1241 4604 1429 4673 Christo..

123 4709 281 4784 preposito,
303 4764 310 4779 .
333 4713 487 4799 totiquel)
509 4713 648 4796 capitulo
671 4713 798 4797 majoris
821 4714 951 4778 ecclesie
972 4733 1029 4779 sue
1051 4713 1186 4779 salutem
1210 4718 1240 4778 et
1263 4719 1429 4797 paternam

123 4804 149 4869 in
169 4809 284 4885 Domino
312 4819 486 4885 caritatem.
530 4821 703 4886 Predileeta
734 4822 825 4885 nobis
854 4821 1040 4887 universitas
1073 4826 1178 4888 vestra
1211 4822 1291 4887 scire
1324 4822 1429 4903 debet,

126 4932 290 4953 κ-

206 4997 223 5066 Ι)
240 4948 397 5072 bootltt.
417 5001 460 5057 76.
