3210 5424
733 348 799 409 12f8
1380 336 1443 404 433

33 621 35 624 Ι
90 511 158 580 615.
183 513 555 595 -orvurud,1278.

260 646 320 713 ibic
342 648 517 729 nornenttid)
539 646 749 731 outqetttbtteu
768 647 989 760 illiniltetialeu
1013 651 1074 716 cub
1094 649 1235 733 &bition
1257 652 1309 716 beo
1327 650 1444 733 &tillet

259 755 320 819 cub
344 755 395 821 ber
414 755 512 822 &obt
526 754 700 822 Donobrltd
721 760 865 824 etneuem
888 758 934 841 ibt
956 759 1034 829 alteo
1050 759 1194 827 aaronis
1217 777 1306 844 qeqen
1329 759 1443 844 ieqticbe

260 862 550 948 bectorricbtiqunq.

358 994 504 1066 Dttgtuot:
533 995 717 1066 &coturnum
755 996 855 1055 lbmd:
884 996 988 1066 &libo
1016 997 1210 1070 tlettbtetbuug
1236 999 1283 1055 beo
1302 998 1445 1072 perbibit&

358 1081 528 1150 Danobntd,
546 1082 690 1140 ttttunben
708 1085 773 1140 ΧΕ.

217 1199 283 1264 Nos
306 1200 527 1264 ministeriales
550 1203 582 1264 et
604 1201 657 1282 qui
679 1200 749 1265 loco
771 1201 1020 1267 ministerialium
1036 1206 1111 1267 sunt
1127 1207 1158 1267 et
1174 1203 1293 1268 scabini
1314 1203 1445 1268 ecclesie

92 1311 123 1371 et
139 1308 271 1371 civitatis
283 1307 549 1388 Osnaburgensis,
566 1327 703 1390 quorum
723 1310 853 1373 nomina
871 1314 943 1374 sunt
960 1311 1148 1392 subscripta,
1171 1316 1283 1376 notum
1301 1311 1445 1390 facimus,

93 1415 179 1496 quod
201 1435 260 1496 pro
282 1416 468 1480 innovanda
489 1435 527 1480 ea
550 1416 816 1495 confederatione,
848 1436 911 1499 que
934 1419 1014 1482 inter
1036 1438 1096 1483 nos
1118 1418 1218 1483 extitit
1239 1419 1281 1483 ab
1304 1419 1445 1501 antiquo,

92 1523 162 1586 licet
185 1542 249 1587 non
272 1527 404 1608 propter
425 1524 496 1604 boc,
522 1525 609 1606 quod
632 1525 757 1606 penitus
780 1544 850 1589 esse
873 1526 1010 1603 desierit,
1040 1525 1097 1589 sed
1118 1526 1161 1590 ad
1183 1526 1244 1590 boc
1266 1528 1381 1610 potius,
1411 1530 1446 1590 ut

93 1630 124 1693 in
148 1648 205 1693 suo
227 1630 343 1695 robore
374 1650 413 1695 eo
436 1629 547 1715 fortius
569 1629 789 1695 inviolabiliter
811 1635 966 1713 perpetuo
989 1635 1182 1715 perseveret,
1212 1633 1326 1696 iterato
1349 1651 1447 1714 quas·

92 1736 166 1800 dam
189 1739 375 1802 securitates
398 1741 430 1802 et
450 1738 678 1820 promissiones
707 1739 843 1804 invicem
871 1739 1004 1804 fecimus
1037 1743 1068 1804 et
1099 1740 1277 1822 recepimus
1307 1741 1339 1804 in
1360 1739 1447 1806 hunc

93 1848 234 1925 modum,
266 1847 381 1912 scilicet
410 1849 497 1931 quod
527 1846 657 1913 consilio
681 1849 714 1910 et
734 1847 851 1911 auxilio
873 1847 969 1911 rebus
992 1845 1111 1928 pariter
1133 1848 1164 1910 et
1186 1848 1332 1930 personis
1353 1846 1446 1912 nobis

93 1958 205 2017 mutuo
238 1954 424 2018 assistemus
456 1974 514 2019 nec
547 1955 708 2020 deerimus
738 1954 939 2037 aliquatenus
965 1955 1044 2019 alter
1072 1955 1162 2020 alteri
1185 1958 1296 2020 contra
1318 1974 1443 2036 omnes,

94 2061 147 2140 qui
170 2080 229 2142 per
250 2059 396 2143 injuriam
420 2081 481 2126 nos
496 2063 547 2127 vel
563 2081 758 2145 quemquam
776 2067 922 2127 nostrum
939 2063 988 2127 vel
1004 2064 1099 2128 etiam
1115 2067 1257 2128 nostram
1279 2064 1446 2129 ecclesiam

94 2166 374 2250 osnaburgensem
409 2169 694 2254 p[re]sumpserint
726 2171 925 2254 impugnare.
969 2171 1020 2235 Ad
1055 2171 1141 2254 quod
1170 2171 1304 2236 fideliter
1332 2173 1446 2236 obser·

95 2275 234 2339 vandum
268 2295 326 2340 nos
358 2278 417 2342 sub
450 2297 535 2360 pena
568 2280 679 2344 decem
711 2297 891 2343 marcarum
925 2277 1043 2342 usualis
1073 2280 1203 2341 moneto
1236 2278 1447 2359 obligavimus

94 2383 292 2463 arbitrantes,
329 2385 415 2468 quod
448 2364 630 2469 quicunque
664 2405 704 2450 ex
735 2386 828 2450 nobis
858 2385 954 2467 hujus
985 2386 1155 2449 immemor
1181 2386 1447 2451 confederationis
1503 2401 1510 2414 ·

92 2491 280 2557 necessitate
302 2493 470 2575 ingruente
492 2494 608 2559 auxilio
630 2492 724 2558 nobis
746 2492 881 2556 defuerit
902 2510 962 2555 nec
983 2492 1025 2556 ad
1048 2491 1191 2574 predicta
1207 2494 1350 2559 debitum
1373 2512 1447 2576 pre-

91 2600 202 2664 stiterit
223 2600 389 2665 servicium
408 2603 587 2684 requisitus,
611 2601 728 2666 dictam
744 2602 886 2665 exsolvet
901 2619 1019 2682 penam
1037 2602 1069 2664 et
1084 2601 1199 2664 serviet
1215 2599 1446 2678 nichilominus,

92 2707 174 2787 velit,
198 2708 288 2785 nolil;
316 2728 414 2791 quam
436 2728 555 2791 penam
576 2728 637 2774 nos
659 2709 755 2773 celeri
776 2709 818 2773 ab
842 2709 959 2773 eodem
981 2711 1140 2773 extortam
1162 2708 1243 2772 inter
1265 2727 1324 2772 nos
1346 2725 1446 2790 equa·

91 2812 160 2877 liter
193 2815 381 2881 dividemus.
425 2816 504 2880 item
539 2817 717 2896 statuimus,
750 2817 837 2899 quod
871 2816 1053 2898 quicunque
1080 2820 1225 2880 nostrum
1253 2815 1349 2880 alium
1381 2833 1446 2879 non

91 2923 305 3002 premonitum
337 2943 396 2988 nec
424 2925 589 3006 culpatum
619 2925 796 3006 spoliand0,
829 2925 1031 3006 captivando,
1064 2922 1262 2987 vulnerando
1285 2942 1343 2987 seu
1366 2942 1473 3005 quo--

92 3048 218 3111 cunque
241 3029 302 3093 alio
325 3031 423 3094 modo
445 3031 566 3096 lesione
589 3032 617 3096 ei
639 3031 805 3098 inferendo
828 3031 1044 3096 molestaverit
1065 3033 1115 3096 vel
1137 3030 1280 3095 fortassis
1297 3029 1446 3095 occiderit
1491 3109 1493 3113 ι

91 3139 253 3215 violenter,
286 3139 528 3220 lesoprimitus
557 3160 616 3222 pro
645 3141 765 3205 lesione
793 3160 852 3205 sua
873 3141 923 3204 vel
945 3139 1124 3221 cognationi
1152 3124 1250 3222 ipsius
1272 3140 1363 3204 occisi
1387 3158 1445 3220 pro

91 3247 259 3311 homicidio
282 3246 389 3328 viginti
423 3267 602 3312 marcarum
636 3248 796 3313 tenebitur
830 3249 871 3313 ad
902 3247 1073 3312 emendam
1102 3266 1141 3312 ac
1170 3232 1299 3329 insuper
1329 3247 1370 3311 de
1392 3246 1447 3310 tali

92 3374 224 3418 excessu
248 3355 409 3418 nostruin
434 3355 564 3419 consilio
587 3355 798 3437 permanebit.
842 3356 893 3420 Ab
923 3355 984 3420 hac
1013 3355 1106 3436 igilur
1128 3357 1237 3418 nostra
1259 3353 1446 3419 confedera-

92 3462 177 3524 tione
211 3461 329 3525 exclusi
361 3464 435 3525 sunt
464 3465 529 3526 tam
561 3464 781 3528 ministeriales
810 3482 907 3547 quarn
933 3463 1122 3546 burgenses
1156 3464 1210 3544 qui
1241 3461 1375 3544 dapiferi
1397 3461 1448 3526 vel

92 3568 242 3631 officiales
264 3569 444 3650 aliquorum
466 3574 540 3635 sunt
563 3571 776 3650 dominorum,
810 3591 891 3654 quos
913 3575 1033 3650 tamen,
1065 3571 1091 3635 si
1118 3571 1179 3636 hoc
1202 3589 1273 3634 esse
1296 3567 1448 3634 desierint

94 3678 122 3737 et
152 3675 268 3739 includi
298 3674 463 3756 voluerint,
495 3677 703 3746 includemus.
747 3679 897 3744 Preterea
929 3678 1086 3756 volumus,
1120 3697 1193 3744 cum
1227 3677 1284 3742 fiat
1316 3676 1446 3759 singulis
1544 3675 1547 3679 ’

91 3783 184 3847 annis
206 3785 339 3849 mutatio
362 3785 576 3863 scabinorum,
607 3788 694 3870 quod
716 3788 846 3867 scabini,
876 3788 930 3870 qui
952 3806 1010 3870 pro
1033 3790 1178 3868 tempore
1199 3785 1326 3864 fuerint,
1347 3784 1444 3867 hujus

91 3911 220 3974 semper
234 3891 524 3975 compromissionis
543 3894 642 3958 sederi
663 3895 726 3959 sint
746 3895 880 3960 asstricti
903 3897 935 3959 in
956 3899 1091 3974 tantum,
1115 3895 1202 3977 quod
1224 3894 1282 3975 ipsi
1305 3891 1445 3976 suppleri
1518 3904 1521 3910 '

90 4000 317 4080 procurabunt,
351 4000 501 4083 quicquid
532 4021 570 4065 ex
602 4003 693 4083 parte
715 4003 895 4066 ceterorum
917 4001 1123 4084 burgensium
1146 4002 1296 4067 defecerit
1317 4002 1349 4065 in
1371 4020 1445 4083 pre·

91 4108 203 4175 missis.
249 4108 398 4173 Ceterum
422 4109 601 4190 duodecim,
624 4129 681 4174 sex
703 4128 743 4172 ex
765 4108 857 4174 nobis
880 4108 1135 4174 ministerialibus
1158 4110 1191 4173 et
1212 4127 1269 4173 sex
1292 4127 1331 4172 ex
1351 4108 1444 4172 nobis

92 4215 237 4294 scabinis,
271 4234 408 4298 quorum
431 4219 457 4280 si
479 4235 562 4282 unus
585 4217 732 4296 defuerit,
757 4217 838 4283 alius
859 4217 1077 4297 substituetur,
1111 4217 1193 4282 inter
1216 4236 1275 4281 nos
1296 4214 1444 4281 consules

92 4323 166 4383 sunt
186 4324 305 4386 statuti.
350 4323 443 4389 Unde
466 4325 491 4389 si
514 4326 677 4409 contingat
695 4303 794 4392 'alicui
815 4329 960 4391 nostrum
982 4345 1002 4391 a
1024 4342 1189 4408 quoquam
1212 4322 1274 4388 alio
1296 4321 1444 4406 injuriam

92 4427 222 4508 irrogari
255 4433 287 4494 et
318 4430 369 4495 ille
401 4433 504 4516 ipsam
538 4436 685 4518 injuriam
718 4435 841 4519 absque
876 4435 994 4500 ultione
1032 4434 1176 4499 transeat
1213 4433 1443 4513 pernoctatam,

92 4535 184 4599 nichil
216 4537 256 4600 de
282 4537 343 4603 bac
370 4544 486 4607 extunc
514 4544 702 4608 auctoritate
722 4544 852 4625 propria
874 4543 1086 4625 attemptabit,
1120 4541 1177 4605 sed
1210 4539 1309 4603 debet
1335 4557 1444 4603 coram

92 4644 149 4707 illis
172 4643 272 4707 illleim
295 4648 490 4727 querelando
525 4668 596 4714 eam
625 4650 740 4732 exequi
769 4651 811 4715 ad
841 4649 1036 4732 quindenam
1069 4652 1100 4712 et
1121 4649 1146 4712 si
1169 4647 1295 4712 interim
1323 4646 1444 4710 nullam

92 4752 186 4816 fuerit
208 4757 397 4818 consecutus
419 4758 600 4838 emendam,
631 4777 690 4824 nos
721 4758 814 4822 ceteri
838 4760 954 4821 extunc
976 4756 1005 4821 ei
1027 4754 1239 4822 communiter
1260 4754 1445 4818 assistentes

91 4880 156 4925 una
190 4880 261 4925 cum
294 4863 364 4944 ipso
396 4862 438 4927 de
470 4868 579 4930 nostro
606 4866 847 4948 Osnaburgensi
880 4864 998 4946 oppido
1031 4864 1180 4930 exeundo
1213 4866 1245 4927 et
1278 4861 1445 4926 redeundo

175 4984 323 5036 sucoso.
336 4982 459 5039 ursum
473 4986 518 5029 111.
1234 4970 1276 5038 28
