3210 5424
762 365 829 420 1252
1421 345 1464 411 49

248 527 311 614 (ln)
335 529 466 594 nomine
498 530 607 593 sancte
642 530 673 592 et
706 526 866 593 individue
893 525 1080 611 Trinit(atis.
1125 525 1233 591 Bruno
1262 525 1334 611 Dei)
1362 524 1463 606 gratia

122 630 372 717 osnaburgensis
405 636 524 701 electus
555 636 702 701 omnibus
733 636 764 699 in
786 639 987 719 perpetuum.
1031 633 1168 716 Dignum
1192 637 1251 714 est,
1282 638 1318 699 ut
1348 633 1463 698 sancti-

124 744 274 810 moniales
302 764 419 827 sponse
449 744 565 809 Christi
594 764 656 827 que
684 764 749 809 non
780 743 911 829 (solum)
940 762 998 808 sua
1028 744 1085 808 sed
1116 743 1211 808 etiam
1245 745 1348 807 semet
1378 743 1463 825 ipsas

127 851 286 917 salubriter
305 853 501 933 abnegantes
522 872 651 918 carnem
673 871 766 917 suam
788 852 889 937 (cum)
920 850 1003 915 viciis
1026 852 1057 914 et
1079 849 1340 932 concupiscentiis
1361 850 1463 914 cruci-

130 957 227 1041 figunt
252 960 280 1023 in
301 959 518 1024 claustralibus
548 980 583 1023 se
611 962 799 1038 claudendo,
831 960 928 1042 gratis
950 958 1134 1024 attollantur
1157 957 1318 1022 favoribus
1341 961 1372 1022 et
1399 958 1464 1040 pri-

134 1066 302 1150 vilegiomm
323 1067 525 1133 firmitatibus
548 1072 578 1133 et
600 1070 667 1134 aliis
685 1069 828 1152 presidiis
845 1068 1038 1133 muniantur.
1060 1067 1193 1132 Novisse
1210 1067 1304 1148 igitur
1319 1067 1464 1150 cupimus

137 1179 200 1239 tam
216 1179 350 1259 posteros
372 1195 469 1258 quam
492 1179 666 1258 presentes,
698 1176 785 1259 quod
812 1195 884 1240 cum
906 1174 1084 1240 Harlwicus
1106 1175 1149 1239 de
1171 1173 1408 1255 Bernincdorpe
1432 1177 1463 1238 el

141 1287 335 1350 antecessores
365 1285 414 1349 sui
443 1287 608 1368 usquead
630 1288 776 1368 tempora
799 1286 909 1349 nostra
931 1283 1101 1348 conventui
1123 1281 1409 1347 sanctimonialium
1432 1283 1463 1346 in

142 1391 233 1457 Monte
257 1395 363 1458 sancte
393 1393 556 1459 Gertmdis
577 1414 636 1477 pro
659 1394 771 1477 majori
793 1392 926 1471 decima,
955 1392 1016 1457 hoc
1039 1396 1086 1456 cst
1112 1410 1171 1473 pro
1198 1389 1376 1473 manipulis,
1406 1410 1464 1455 sue

145 1501 239 1566 donus
266 1502 428 1567 dedissent
461 1504 624 1567 annuatim
658 1505 723 1566 tres
755 1500 873 1566 solidos
903 1499 1161 1582 Osnaburgensis
1193 1503 1322 1563 monete
1351 1500 1382 1563 in
1413 1518 1465 1563 re·

147 1610 334 1693 demptionem
366 1609 489 1675 decime
520 1614 705 1690 memorate,
735 1610 969 1675 nichilomimus
995 1613 1103 1674 lamen
1126 1609 1283 1673 minorem
1306 1609 1464 1674 decimam

149 1735 199 1799 que
218 1717 368 1800 ashostere
389 1718 569 1801 appellatur
596 1719 720 1801 plenius
751 1719 959 1783 exsolvissent
986 1721 1018 1783 et
1044 1737 1139 1801 super
1165 1717 1308 1801 predicta
1338 1719 1465 1782 redem-

147 1825 233 1906 ptione
251 1830 355 1891 essent
376 1827 537 1910 privilegio
554 1828 693 1911 episcopi
708 1828 841 1893 Arnoldi
864 1826 960 1892 felicis
982 1827 1134 1891 memorie
1155 1827 1230 1891 olim
1253 1828 1465 1891 antecessoris

150 1935 225 1999 nostri
243 1935 372 2000 firmiter
393 1937 587 2015 communiti,
610 1937 693 2002 idem
718 1936 907 2016 Hartvvicus,
930 1955 1011 2000 uxor
1031 1954 1089 2000 sua
1112 1938 1144 2000 et
1165 1935 1301 2000 heredes
1323 1936 1465 2017 ipsomm

150 2044 199 2105 tan
221 2043 267 2107 tilii
293 2063 392 2127 qnam
413 2044 476 2108 filie
500 2044 531 2108 in
555 2049 665 2110 nostra
686 2045 847 2128 presentia
874 2044 1033 2110 constituti
1059 2043 1221 2126 privilegio
1243 2062 1302 2107 suo
1325 2045 1357 2108 et
1379 2062 1466 2108 com·

150 2150 224 2215 modo
237 2154 298 2216 sive
313 2152 437 2216 utilitati
455 2153 553 2235 ipsius
575 2155 607 2218 in
622 2173 736 2218 manus
753 2157 877 2218 nostras
894 2155 925 2216 et
942 2152 1061 2217 domini
1079 2152 1228 2217 Wetsceli
1246 2153 1286 2217 de
1303 2153 1466 2233 Loningen

150 2261 270 2342 prepositi
287 2263 398 2325 sancte
414 2260 579 2325 Gertmdis
597 2261 766 2327 liberaliter
783 2260 1051 2326 renunciaverunt
1071 2260 1295 2342 promittentes
1311 2264 1467 2343 perpetuo

150 2367 218 2431 mnis
227 2368 355 2451 singulis
369 2368 562 2456 exolverep)
574 2371 710 2436 claustro
727 2370 881 2437 dictarum
899 2369 1185 2434 sanctimonialium
1198 2370 1294 2434 talem
1309 2370 1466 2434 decimam

151 2476 174 2537 et
192 2477 336 2542 minorem
367 2497 431 2560 que
461 2479 631 2560 cffhostere
658 2479 770 2544 dicitur
799 2483 831 2544 et
858 2479 1014 2561 majorem
1045 2475 1189 2542 videlicet
1218 2477 1398 2561 manipulos
1426 2477 1466 2542 de

150 2585 262 2665 predicte
282 2587 380 2652 domo
404 2587 663 2671 Bernincdhorpe
691 2591 757 2652 lam
787 2587 827 2651 de
854 2586 937 2668 agris
960 2585 1048 2649 cultis
1071 2605 1168 2668 quam
1191 2586 1325 2665 incultis,
1355 2587 1381 2650 si
1403 2587 1467 2651 tor-

149 2691 210 2757 s'tan
228 2694 412 2774 colorentur,
446 2694 677 2778 pertinentibus
705 2696 747 2760 ad
776 2695 952 2779 predictam
975 2694 1106 2759 domum
1129 2695 1269 2760 similiter
1291 2697 1322 2759 et
1344 2695 1385 2759 de
1407 2715 1467 2760 no-

149 2800 245 2868 valibus
265 2804 290 2868 si
313 2803 452 2888 cultu(ra
473 2805 650 2889 n)0valium
673 2804 837 2887 contigerit
863 2803 1040 2886 provenire.
1086 2803 1152 2868 Nos
1183 2803 1275 2885 igitur
1304 2804 1466 2886 premissis

149 2926 312 2977 consensum
334 2913 505 2996 prebentes
535 2913 653 2995 pariter
682 2917 713 2977 et
743 2931 909 2978 assensum
932 2911 963 2975 id
986 2911 1073 2994 qnod
1095 2930 1204 2975 coram
1226 2911 1319 2975 nobis
1342 2931 1361 2976 a
1383 2912 1465 2976 dicto

148 3012 289 3101 Hartwico,
320 3041 420 3087 uxore
453 3042 512 3087 sua
534 3022 673 3089 litizabet
701 3024 732 3086 et
754 3023 894 3106 ipsorum
918 3019 1088 3085 heredibus
1110 3020 1339 3085 rationabiliter
1359 3024 1466 3085 actum

150 3128 186 3189 est
202 3131 380 3196 anctoritate
402 3131 562 3196 ordinaria
583 3132 809 3196 confirmamus
834 3136 875 3210 et,
903 3151 944 3195 ne
966 3129 1151 3195 memoratis
1174 3129 1465 3195 sanctimonialibus

150 3238 234 3299 sancte
251 3236 412 3303 Gertrudis
434 3257 530 3321 super
552 3239 640 3304 dictis
663 3240 792 3304 decimis
814 3239 926 3322 majori
947 3239 1093 3304 videlicet
1114 3243 1145 3303 ot
1166 3238 1280 3302 minori
1302 3238 1402 3321 possit
1423 3235 1465 3301 ab

150 3335 231 3422 aliquo
251 3345 282 3410 in
303 3349 469 3428 posterum
492 3345 671 3429 calumpnia
693 3347 834 3412 suscitari
856 3346 906 3411 vel
932 3346 1050 3429 aliquid
1080 3346 1255 3430 questionis
1278 3347 1361 3425 oriri,
1391 3364 1465 3428 pre-

150 3452 246 3517 sentem
265 3455 414 3538 paginam
437 3475 534 3538 super
554 3455 615 3521 hoc
637 3455 813 3521 confectam
840 3455 899 3537 ipsi
930 3455 1064 3520 cenobio
1087 3455 1232 3520 dedimus
1255 3454 1343 3536 sigilli
1365 3455 1465 3519 nostri

149 3559 294 3628 animine
316 3563 509 3630 roboratam.
532 3564 709 3647 Prescripte
732 3563 922 3630 ordinationi
938 3563 1161 3628 interfuerunt:
1184 3563 1269 3628 idem
1286 3563 1467 3646 prepositus

150 3658 203 3728 dicti
224 3669 334 3736 Montis
364 3672 512 3737 dominus
533 3672 722 3753 Wetscelus,
752 3674 903 3739 Albertus
926 3672 1107 3739 scolasticus
1139 3672 1334 3753 Angarensis
1361 3673 1467 3754 capel-

150 3764 219 3840 lanus
244 3783 362 3860 noster,
396 3781 556 3846 Gerardus
590 3782 631 3846 de
660 3781 878 3865 Varendorpe‚
910 3782 1093 3847 Bernardus
1126 3781 1167 3846 de
1198 3781 1350 3858 Beveren,
1384 3779 1467 3845 Her-

150 3895 259 3952 mannus
279 3889 405 3973 Tappo,
435 3889 602 3972 Wiggerus
624 3890 665 3955 de
687 3890 919 3975 Scevincdorpe
941 3890 1074 3967 milites;
1105 3888 1272 3953 Hunoldus
1295 3888 1335 3952 de
1356 3886 1465 3967 Linen,

149 3981 322 4064 berhardus
345 4000 385 4064 de
402 3997 571 4081 Erpingen,
593 3998 810 4065 Theodericus
832 4001 872 4065 de
889 3999 1009 4078 Haren,
1031 3999 1201 4063 Lutbertus
1224 3999 1255 4061 et
1271 3995 1466 4077 Pelegrimus

149 4091 239 4169 [fatres
258 4109 297 4174 de
319 4108 515 4192 Cleykampe
546 4108 672 4186 tamuli;
702 4109 777 4172 item
798 4107 949 4172 Albertus
972 4109 1005 4171 et
1025 4106 1188 4170 lohannes
1217 4105 1330 4169 fratres
1352 4103 1466 4169 milites

149 4199 205 4270 dicti
218 4211 307 4296 Buch,
332 4216 386 4299 qui
404 4216 445 4280 de
463 4219 573 4280 nostro
595 4216 748 4280 mandato
770 4216 967 4297 sepedictum
988 4215 1185 4298 prepositum
1208 4232 1246 4276 ex
1264 4215 1355 4295 parte
1372 4231 1465 4295 sepe-

148 4307 206 4379 dicti
233 4328 404 4389 conventus
438 4325 469 4389 in
504 4324 701 4407 corporalem
726 4325 964 4407 premissamm
1004 4324 1197 4388 decimamm
1231 4319 1466 4404 possessionem

148 4413 291 4497 duxerunt.
334 4432 415 4498 Acta
437 4436 512 4497 sunt
538 4433 598 4497 hec
620 4432 766 4511 Yhurch;
796 4452 882 4498 anno
904 4430 1031 4498 Domini
1060 4430 1226 4494 millesimo
1248 4428 1465 4493 ducentesimo

149 4527 388 4623 quinquagesimo
413 4542 571 4618 secundm
593 4542 752 4606 dominica
775 4560 838 4624 qua
860 4542 1019 4606 cantatur:
1042 4538 1203 4621 „Populus
1224 4537 1341 4621 Syon“.

250 4673 450 4759 ltcdtrtptid)
473 4693 512 4743 cn
535 4674 590 4740 ben
613 4672 911 4758 ffiosscmcntttreiten
938 4670 1105 4756 cnssebtnpt
1126 4669 1181 4736 boe
1204 4666 1310 4752 &teget
1334 4664 1466 4749 titillata

152 4763 254 4865 aaran
274 4783 513 4869 (1297-1308)
535 4784 592 4851 mit
614 4782 774 4868 llitdttepct
796 4781 911 4866 (tileth.
935 4780 1042 4867 &tepet
1063 4781 1115 4861 51,
1138 4780 1156 4844 7
1178 4799 1208 4846 n.
1232 4778 1283 4855 62,
1305 4777 1349 4861 2).

226 4906 355 4963 attilani,
369 4908 423 4954 ban
436 4909 548 4963 attonsa
562 4910 600 4954 111.
1237 4874 1258 4937 4
