3210 5424
744 333 810 388 1277
1391 313 1455 379 425

100 518 224 563 necnon
247 498 346 580 sigillo
369 499 487 563 domini
509 499 655 564 Svetheri
677 501 718 565 de
740 498 904 578 Sledesen,
932 499 987 582 qui
1008 516 1123 563 omnes
1145 497 1227 561 dicte
1249 493 1454 578 resignationi

99 606 319 684 interfuerunt,
331 607 480 672 duximus
491 608 721 672 roborandum.
744 606 827 671 Acta
838 609 912 671 sunt
923 606 984 671 hec
994 625 1081 671 anno
1091 603 1218 668 Domini
1227 601 1451 668 M⁰CC⁰LXX⁰

100 715 245 795 septimo,
268 715 298 777 in
321 715 372 779 die
395 716 479 779 beati
502 715 644 779 Severini
667 714 865 779 contessoris.

225 845 285 912 ibic
308 846 407 913 belhen
430 846 520 924 erltm
543 846 651 930 &leget
672 862 732 911 oon
754 842 1055 929 iletgomeutitteiieu
1077 842 1251 928 ubqeioiten,
1280 843 1326 909 bie
1348 842 1450 909 beibur

100 955 193 1031 letter
229 951 459 1036 ldittibrmiqeu
492 954 633 1037 erbotten.
677 955 710 1035 3)
741 952 837 1035 ltreug
865 953 919 1018 urit
950 951 1082 1034 bilinien
1110 952 1221 1036 belegt:
1255 953 1277 1033 i
1307 950 1449 1032 Sigillum

101 1111 108 1124 .
133 1111 140 1125 .
165 1112 171 1125 .
195 1108 203 1123 .
228 1060 342 1145 libelii.
366 1062 408 1129 Θ.
434 1063 593 1146 157,10).
637 1061 673 1146 4)
695 1061 715 1125 3
738 1059 949 1143 itiotirougetu
972 1059 1018 1143 (2,
1043 1060 1087 1144 1),
1117 1059 1173 1126 cite
1204 1060 1272 1141 norb
1304 1058 1381 1126 tinto
1406 1075 1452 1143 qe:

104 1168 188 1245 iteitt:
212 1169 244 1236 S.
267 1169 413 1235 Svetheri
435 1171 476 1235 de
498 1168 696 1256 Slede(s)en;
720 1167 835 1254 (liciti.
858 1167 901 1235 Θ.
926 1167 998 1248 159,
1022 1166 1066 1253 1).

99 1563 176 1628 6⁰7.
200 1602 238 1612 -
262 1563 358 1645 auru,
382 1564 475 1643 127⁷,
497 1562 635 1636 bttrtrr
656 1565 712 1634 24.

267 1697 382 1778 bilibri
403 1697 525 1765 itorrrob
548 1715 607 1763 oou
629 1697 802 1764 Dsrrobriid
823 1697 918 1781 qeiobt
940 1698 1005 1762 tem
1027 1694 1187 1779 (trabildot
1210 1692 1366 1778 &iegirieb
1389 1710 1448 1759 oon

267 1804 345 1871 artu
368 1803 460 1886 billio
489 1823 578 1889 geqen
605 1806 651 1872 bie
673 1804 792 1887 tiiteierr
815 1823 873 1872 oon
895 1804 1007 1886 Sitirl),
1037 1823 1096 1872 orn
1118 1806 1169 1870 bet
1192 1802 1283 1869 litori
1303 1801 1365 1868 urb
1388 1818 1448 1867 oon

267 1911 432 1996 iirnrberg.

364 2042 506 2115 Drlgiuot:
526 2044 721 2106 erminum
740 2044 903 2115 militaturi.
924 2043 1035 2102 §brudez
1055 2043 1190 2115 iurgante
1210 2044 1307 2113 ttrthtb
1326 2044 1365 2098 VI
1383 2042 1450 2108 2455

364 2128 471 2198 briam,
497 2130 619 2189 nircum
648 2146 696 2203 gut
723 2133 811 2204 theid.
841 2133 864 2189 b.
893 2133 981 2191 &tobi
1009 2132 1081 2190 autu
1108 2134 1161 2200 Ili,
1189 2132 1256 2197 160,
1286 2127 1450 2195 borourbtrt,

366 2216 448 2276 uari.
466 2219 504 2286 II,
522 2220 572 2273 681
594 2220 655 2287 (mit
674 2219 793 2290 intimem
812 2220 940 2288 illatum).

225 2332 260 2395 ln
283 2335 410 2398 nomine
432 2334 559 2399 Domini
581 2354 687 2400 amen.
726 2335 793 2400 Nos
815 2337 983 2402 conradus
1006 2336 1062 2400 Dei
1085 2336 1186 2417 gratia
1208 2336 1240 2398 in
1262 2334 1446 2416 episcopum

100 2437 355 2520 Osnabrugensis
383 2442 513 2507 ecclesie
533 2442 653 2507 electus
675 2445 707 2508 et
728 2443 934 2508 confirmatus
963 2446 1076 2508 nolum
1108 2461 1178 2507 esse
1208 2442 1355 2506 volumus
1377 2440 1448 2504 uni-

97 2547 194 2609 versis
228 2552 259 2611 et
290 2551 491 2630 presencium
525 2552 705 2617 testimonio
737 2552 862 2633 publice
895 2551 1151 2633 recognoscimus
1185 2552 1217 2614 et
1249 2548 1446 2631 profitemur,
1540 2534 1544 2543 ’

96 2655 181 2735 quod
205 2673 264 2718 nos
286 2656 490 2737 promisimus
513 2661 545 2722 et
566 2659 780 2741 promittimus
802 2660 978 2724 reverendo
1000 2658 1081 2743 patri
1100 2677 1138 2722 ac
1153 2656 1283 2723 domino
1300 2655 1446 2741 S(iirido)

96 2762 276 2826 Coloniensi
298 2765 538 2847 archiepiscopo
560 2769 593 2830 et
615 2767 746 2832 ecclesie
763 2767 954 2846 Coloniensi,
978 2768 1064 2849 quod
1086 2786 1146 2831 nos
1168 2766 1209 2830 ab
1231 2765 1292 2831 hac
1312 2765 1393 2829 hora
1413 2765 1446 2828 in

94 2876 190 2935 antea
218 2874 335 2937 erimus
368 2873 450 2937 lidus
485 2877 650 2957 promotor
678 2879 709 2939 et
738 2875 865 2958 adjutor
891 2874 988 2957 ipsius
1016 2875 1135 2940 domini
1162 2873 1392 2954 archiepIscopi
1414 2874 1446 2937 et

93 2996 225 3044 suorum
258 2999 478 3046 successorum
512 2986 622 3048 contra
649 3032 657 3048 .
685 2983 936 3062 ..iuliacensem
971 3034 979 3049 .
1014 3031 1021 3048 .
1055 2984 1096 3048 de
1129 2981 1240 3045 Maria
1274 2984 1305 3044 et
1333 3028 1341 3043 .
1368 3028 1376 3044 .
1404 2981 1445 3045 de

93 3087 256 3171 Arnsberg
288 3091 420 3154 comites
455 3094 486 3155 et
520 3110 631 3156 eorum
667 3092 830 3175 adJutores
865 3110 1075 3175 quoscunque
1112 3093 1144 3154 et
1183 3090 1294 3153 contra
1332 3106 1445 3153 omnes

93 3194 248 3275 homines,
280 3199 334 3280 qui
364 3197 462 3280 ipsius
492 3198 613 3263 domini
639 3199 867 3282 archiepiscopi
894 3202 925 3263 et
953 3197 1084 3264 ecclesie
1107 3194 1305 3263 Coloniensis
1327 3194 1444 3260 inimici

93 3307 124 3366 et
146 3304 317 3370 adversarii
339 3308 413 3369 sunt
436 3307 467 3369 in
489 3307 631 3388 presenti
659 3307 709 3371 vel
732 3311 825 3371 erunt
847 3308 879 3371 in
901 3306 1017 3373 futuro.
1061 3307 1211 3370 Preterea
1241 3302 1444 3386 promisimus

93 3415 124 3474 et
148 3414 369 3492 promittimus,
403 3414 490 3495 quod
518 3413 600 3480 inira
628 3417 823 3498 quindenam
846 3419 1017 3498 postquam
1040 3413 1081 3479 ab
1105 3432 1144 3477 eo
1166 3430 1223 3475 seu
1246 3429 1305 3476 suo
1326 3411 1444 3476 nuncio

92 3520 232 3601 requisiti
265 3520 416 3586 fuerimus
450 3522 615 3588 veniemus
644 3524 747 3589 eidem
779 3527 810 3588 et
840 3524 905 3587 suis
934 3522 967 3586 in
997 3520 1189 3605 adjutorium
1219 3537 1293 3584 cum
1315 3520 1444 3582 centum

93 3626 222 3690 armatis
245 3631 276 3690 et
298 3628 463 3693 dextrariis
495 3629 633 3696 faleratis
660 3635 691 3696 et
720 3632 752 3695 in
774 3630 872 3714 ipsius
894 3632 927 3693 et
948 3648 1078 3693 suorum
1101 3625 1362 3710 permanebimus
1383 3625 1441 3691 ad-

89 3733 208 3815 jutorio
229 3734 271 3797 ad
294 3753 385 3798 suam
409 3736 605 3801 voluntatem
634 3738 694 3803 sub
716 3738 862 3822 periculis
884 3741 916 3801 et
937 3735 1086 3819 dampnis
1107 3735 1232 3813 nostris,
1267 3733 1310 3799 ita
1331 3736 1440 3798 tamen

93 3842 179 3924 quod
201 3843 286 3907 idem
308 3843 457 3908 dominus
480 3893 488 3908 .
511 3896 518 3910 .
541 3845 797 3927 archiepiscopus
825 3844 917 3910 nobis
949 3848 981 3909 et
1001 3844 1127 3920 nostris,
1161 3861 1234 3907 cum
1256 3842 1298 3906 ad
1320 3844 1440 3906 terram

91 3970 182 4014 suam
206 3950 387 4015 venerimus
409 3955 442 4016 et
463 3953 617 4035 quamdiu
647 3953 764 4017 ibidem
794 3953 827 4017 in
854 3951 1011 4035 adjutorio
1033 3951 1132 4033 ipsius
1157 3949 1440 4032 permanserimus,

90 4062 122 4123 in
157 4061 305 4142 expensis
338 4061 519 4126 victualium
553 4060 731 4143 providebit
770 4063 802 4124 et
841 4080 880 4124 ex
917 4063 993 4124 tunc
1030 4058 1161 4141 quando
1200 4061 1232 4122 et
1266 4057 1321 4122 ubi
1354 4056 1439 4121 idem

91 4168 239 4231 dominus
256 4218 263 4233 .
281 4221 287 4234 .
303 4168 559 4253 archiepiscopus
582 4167 758 4251 requisierit
780 4186 819 4231 ex
842 4167 951 4232 amicis
972 4164 1156 4231 hominibus
1181 4167 1213 4230 et
1230 4164 1438 4229 familiaribus

91 4273 206 4336 nostris
228 4275 258 4338 in
281 4295 374 4339 suum
398 4280 429 4340 et
451 4296 582 4342 suorum
605 4296 664 4360 pro
686 4276 892 4359 possibilitate
918 4277 1027 4341 nostra
1056 4275 1211 4340 ducemus
1232 4273 1384 4338 auxilium
1407 4277 1440 4338 et

92 4380 120 4443 ei
142 4381 255 4444 adesse
277 4383 476 4448 studebimus
504 4384 590 4449 bona
620 4384 682 4449 fide
713 4404 775 4466 ope
805 4388 836 4448 et
862 4402 961 4466 opera
983 4382 1114 4448 consilio
1135 4387 1166 4447 et
1188 4382 1304 4447 auxilio
1327 4384 1440 4446 contra

90 4489 289 4552 adversarios
312 4510 386 4555 suos
408 4493 584 4557 antedictos
606 4496 638 4556 et
654 4491 731 4557 alios
748 4510 979 4575 quoscumque,
1001 4493 1044 4555 ita
1061 4491 1147 4574 quod
1166 4491 1193 4554 ei
1210 4490 1251 4554 ad
1270 4488 1437 4554 utilitatem

91 4600 122 4659 et
145 4596 236 4659 nobis
259 4596 374 4662 cedere
394 4600 498 4664 valeat
519 4600 561 4664 ad
582 4599 748 4667 honorem.
771 4599 810 4664 Et
831 4600 873 4664 ad
895 4600 954 4664 hec
976 4600 1083 4663 omnia
1107 4603 1138 4663 et
1152 4598 1276 4680 singula
1293 4598 1438 4663 iacienda

90 4702 380 4785 quocienscumque
416 4710 448 4769 et
479 4707 750 4790 quandocumque
785 4707 871 4773 idem
908 4706 1057 4773 dominus
1090 4757 1097 4772 .
1132 4757 1140 4774 .
1178 4705 1437 4789 archiepiscopus

91 4810 139 4874 vel
161 4811 208 4874 sui
231 4829 431 4877 successores
452 4812 652 4895 requisierint
673 4816 742 4879 sine
763 4814 875 4878 fraude
898 4815 929 4877 et
950 4814 1024 4878 dolo
1046 4814 1181 4879 fideliter
1212 4815 1253 4879 ad
1276 4814 1438 4896 implenda

89 4938 148 4982 nos
177 4937 235 5000 per
267 4918 364 4983 fidem
394 4918 426 4984 in
455 4937 571 4984 manus
600 4918 700 5004 ipsius
730 4920 851 4988 domini
880 4921 979 4984 nostri
1008 4970 1016 4986 .
1045 4968 1053 4985 .
1084 4920 1312 5005 archiepiscopi
1341 4920 1438 5006 su'per
