3210 5424
751 337 820 393 1254
1422 321 1462 388 77

122 520 216 567 unam
238 503 371 568 domum
402 502 433 566 in
454 501 637 567 Valehusen
668 520 731 584 que
759 500 852 566 solvit
885 500 944 565 tria
974 499 1055 565 malt
1083 505 1116 567 et
1144 522 1242 569 unam
1273 504 1405 569 domum
1436 505 1468 569 in

123 610 296 675 Nordrethe
327 631 391 693 que
420 610 512 674 solvit
544 610 609 674 duo
637 607 717 673 molt
743 628 801 692 per
829 629 1013 674 mensuram
1044 610 1367 693 Widenburgensem:
1403 633 1466 695 que

97 698 261 784 'videlicet
293 720 382 783 hona
418 717 517 782 libera
556 717 628 781 dicti
667 718 770 781 militis
802 718 928 782 fuerunt
964 717 1119 783 hactenus
1160 724 1191 784 et
1221 720 1324 785 soluta
1360 724 1393 784 et
1425 722 1465 786 de

126 831 224 891 cetero
245 847 265 891 a
288 827 380 891 nobis
402 829 433 890 et
454 825 691 890 successoribus
718 825 834 889 nostris
861 826 892 889 in
923 824 1017 889 feodo
1039 827 1168 908 recipiet
1190 830 1221 892 et
1242 828 1371 894 tenebit.
1416 828 1465 892 Ne

127 937 210 1018 igitur
230 954 328 1018 super
347 933 407 998 hiis
429 935 486 997 vite
508 935 585 997 actis
607 934 768 1017 sepedicto
790 932 970 1018 Ntiocotao)
996 953 1053 998 seu
1080 935 1213 1000 cenobio
1244 936 1274 999 in
1302 935 1465 1019 Cappeten

128 1045 171 1109 cui
190 1046 256 1126 ipse
279 1043 396 1108 dimisit
419 1044 449 1107 in
471 1046 634 1125 posterum
659 1041 778 1105 moveri
801 1040 901 1123 possit
923 1040 1103 1124 calumpnia
1126 1063 1184 1126 per
1202 1042 1393 1108 oblivionem
1417 1044 1465 1108 vel

130 1153 281 1229 maiitiam,
313 1171 373 1216 nos
403 1150 523 1214 eisdem
557 1148 702 1214 dedimus
734 1152 915 1231 presentem
947 1148 1097 1230 paginam
1131 1153 1240 1214 nostro
1275 1153 1306 1214 et
1340 1151 1466 1234 capituti

132 1261 219 1326 nostri
239 1259 346 1341 sigillis
367 1257 561 1322 roboratam.
584 1256 702 1321 Datum
725 1256 930 1337 Osenburge3
955 1276 1039 1322 anno
1061 1256 1186 1322 Domini
1208 1257 1465 1338 M⁰.C⁰C⁰.Llii⁰;

133 1370 159 1432 in
177 1373 286 1432 octava
308 1365 498 1450 epyphanie.

246 1478 321 1557 Sept
343 1492 403 1541 nuc
426 1474 493 1556 uod)
516 1492 565 1540 our
586 1473 704 1557 pucitcn
723 1471 1022 1555 itccqunerrtitccitcv
1045 1474 1101 1540 boo
1124 1474 1214 1558 prone
1237 1476 1297 1542 otte
1319 1476 1467 1559 capucio

138 1584 225 1670 touch
256 1584 325 1665 nori)
356 1583 436 1650 einer
466 1582 580 1650 ditcreu
610 1580 783 1649 notoricllcn
806 1580 898 1663 doute
929 1599 994 1648 mor
1023 1587 1096 1648 etun
1121 1583 1202 1648 1700
1230 1584 1298 1666 oud)
1321 1585 1387 1666 nod)
1409 1585 1467 1652 bot

140 1692 341 1777 titidoioiupct
363 1692 504 1775 cripuitcu.

144 2005 935 2089 m-mmmmMffimmwt

290 2144 356 2210 iuer
378 2142 517 2224 crudtttc
539 2139 654 2223 titidoi
676 2140 784 2208 tirum
817 2140 965 2220 betunbct'
993 2140 1050 2220 bob
1080 2142 1125 2209 bic
1147 2142 1268 2211 titubet
1290 2142 1381 2226 tlboti
1404 2145 1465 2212 uub

291 2249 456 2330 doctmonte
494 2248 669 2333 &beticum
703 2266 761 2315 oon
795 2248 959 2327 dientem!
997 2249 1043 2316 oie
1077 2249 1185 2336 dinotet
1218 2251 1289 2319 tibet
1322 2252 1376 2318 ben
1409 2250 1470 2334 troi

291 2358 473 2444 oenophori
511 2358 571 2424 uuo
612 2358 659 2424 cin
691 2356 768 2424 ticbc
803 2358 835 2423 iu
868 2358 1006 2441 diviono
1039 2359 1103 2425 bem
1136 2358 1250 2438 ittoitct
1283 2360 1386 2445 {itum
1419 2360 1472 2444 titt

295 2469 334 2533 16
349 2466 439 2535 urae
460 2471 547 2536 untet
569 2466 620 2532 oct
642 2465 822 2550 ticbingunp
844 2465 1018 2548 ocmtdnbct
1039 2465 1143 2550 posen,
1165 2467 1223 2547 bon
1245 2487 1305 2536 nuc
1327 2468 1365 2547 su
1387 2468 1470 2550 [citt

292 2577 338 2644 tic
360 2575 469 2660 tioptct
490 2573 620 2654 ciutdtco
642 2572 764 2640 ttvncn.

391 2707 1469 2781 ummmmfflnmmmmmmwcm

254 2832 360 2896 Bruno
382 2828 440 2893 Dei
461 2829 562 2912 gratia
583 2828 741 2895 Osnabur.
774 2828 892 2893 electus
924 2829 1071 2893 omnibus
1102 2828 1163 2895 hoc
1184 2830 1335 2916 scriptum
1358 2833 1470 2899 visuris

152 2938 296 3024 incoqui
318 2940 404 3004 salus
426 2943 474 3004 est
496 2943 638 3004 omnium
661 2939 806 3003 salutem.
850 2938 1002 3003 Noverint
1023 2941 1089 3003 tam
1116 2938 1245 3021 posteri,
1279 2958 1375 3022 quam
1398 2959 1471 3022 pre-

153 3050 248 3127 sentes,
278 3049 364 3133 quod
398 3046 531 3112 Adoiius
560 3052 591 3111 et
623 3046 827 3110 Hermannus
860 3046 973 3112 iratres
1004 3047 1126 3112 nobiles
1159 3047 1200 3112 de
1229 3046 1392 3112 Blankana
1423 3050 1471 3113 in·

154 3150 375 3232 pignoraverunt
396 3154 559 3241 L(udolso)
582 3155 690 3219 abbati
720 3155 819 3219 sancti
841 3154 1014 3219 Clementis
1044 3155 1076 3219 in
1099 3154 1209 3238 Yburg
1239 3159 1270 3219 et
1297 3158 1364 3240 ejus
1395 3177 1472 3223 con·

155 3266 239 3328 ventui
252 3266 449 3331 advocatiam
468 3263 563 3327 curtis
583 3262 790 3345 Herinctorpe
808 3264 948 3328 etunius
964 3264 1068 3328 mansi
1084 3263 1231 3346 Eyhusen
1253 3284 1312 3347 pro
1334 3266 1472 3331 sedecim

156 3373 247 3436 marcis
266 3372 469 3438 denariorum
492 3391 601 3437 coram
623 3372 725 3450 nobis,
748 3370 835 3454 quod
857 3371 951 3436 iidem
969 3371 1091 3436 nobiles
1108 3372 1172 3435 suis
1189 3375 1323 3457 propriis
1338 3375 1474 3440 denariis

156 3478 182 3538 et
198 3497 251 3547 non
269 3483 382 3565 aliquis
404 3481 483 3546 alius
505 3482 673 3561 rediment,
704 3501 777 3547 cum
799 3481 964 3561 volueriut,
998 3481 1196 3547 advocatiam
1220 3485 1394 3570 eandem1)
1416 3506 1474 3569 pro

156 3602 258 3656 summa
277 3591 422 3676 superius
443 3595 620 3674 pretaxata.
647 3592 682 3656 ln
705 3593 794 3675 cujus
816 3592 860 3656 rei
881 3592 1098 3655 testimonium
1120 3597 1301 3675 presentem
1324 3595 1473 3677 paginam

156 3703 284 3768 conscribi
314 3701 447 3767 fecimus
480 3705 512 3765 et
543 3700 631 3782 sigilli
663 3703 762 3767 nostri
796 3702 970 3766 munimine
1002 3702 1155 3767 roborari.
1199 3701 1280 3766 Acta
1312 3705 1387 3766 sunt
1413 3701 1473 3767 hec

157 3799 302 3888 Oceanum
324 3829 411 3875 anno
433 3808 558 3874 Domini
583 3811 673 3876 milit
697 3808 884 3887 CC⁰L⁰HI⁰;
907 3809 1017 3874 Nonas
1038 3809 1210 3876 Februarii.

242 3969 260 4037 ¹)
277 3968 406 4040 voermu.

158 4254 213 4328 111.
232 4303 264 4314 -
286 4265 513 4338 withruhtdd.
535 4263 929 4350 nordmannorum
951 4265 1003 4334 20.

300 4400 366 4467 §Det
388 4398 527 4482 emanue
549 4397 664 4479 titidot
686 4398 794 4465 ticum
818 4398 933 4481 ettheitt
955 4398 1019 4463 bem
1042 4393 1231 4476 iuourcmitct
1252 4411 1286 4476 pu
1304 4391 1476 4460 Donobttid

302 4508 379 4589 ictuc
399 4507 627 4591 (tienetumpunp
641 4526 706 4590 pum
726 4505 843 4589 tintuui
864 4507 914 4575 bct
929 4505 1036 4588 dinotet
1058 4503 1130 4571 tibet
1152 4503 1246 4586 civice
1269 4500 1361 4582 icivcr
1378 4504 1477 4571 (dtitcr

300 4625 358 4681 uuo
380 4616 436 4682 ben
458 4612 583 4693 bdnbcn
605 4623 656 4681 oct
678 4613 771 4681 ouen
794 4631 853 4680 oon
875 4611 1028 4681 uranum
1057 4611 1117 4678 uno
1140 4609 1294 4692 ucttpridrt
1316 4610 1476 4690 bcmictbeu

302 4724 368 4805 nod)
391 4722 484 4804 ictuer
501 4721 642 4807 tttdtctpt
655 4724 710 4790 boo
730 4722 908 4806 diuortium
925 4722 976 4788 occ
991 4737 1049 4786 oon
1066 4720 1127 4802 iun
1145 4717 1354 4802 [chrodingus
1368 4717 1477 4802 ttoptct

300 4848 333 4913 pu
356 4829 547 4913 theutonem
570 4830 662 4914 cergi.
686 4830 742 4897 itt.
765 4829 817 4894 48.

397 4961 540 5033 ongum:
560 4960 730 5030 momorum.
