3210 5424
759 371 826 426 nu
1403 350 1464 415 411

114 529 303 612 temporalia
332 531 494 612 pertrahit,
528 532 568 595 de
600 531 680 597 facili
711 551 731 598 a
758 532 914 597 memoria
946 532 1123 611 hominum,
1158 551 1241 615 quae
1272 530 1374 595 labilis
1407 534 1465 609 est,

113 643 203 703 actus
226 639 344 703 cadunt
364 638 506 703 humani.
549 639 625 704 ideo
655 640 844 724 plerumque
866 661 914 720 ea,
946 661 1029 724 quae
1051 643 1199 724 aguntur,
1229 641 1465 705 consueverunt

114 747 226 811 literali
259 748 439 812 testimonio
472 748 674 829 perhennari.
719 749 849 815 Noverit
882 751 975 832 igitur
1007 750 1195 814 universitas
1228 752 1342 825 vestra,
1377 746 1465 830 quod

114 855 228 920 nobilis
251 857 297 919 vir
319 856 394 920 Otto
416 860 526 919 noster
547 857 679 937 genitor,
714 877 822 922 comes
846 858 877 921 in
900 857 1067 936 Benthem,
1100 857 1275 939 prudenter
1296 854 1465 919 attendens

114 964 267 1028 caducam
292 983 362 1027 esse
386 964 483 1028 vitam
505 964 699 1045 mortalium,
723 985 781 1030 nec
804 966 974 1049 quicquam
995 984 1065 1029 esse
1084 965 1166 1029 inter
1187 968 1293 1029 cetera
1315 963 1466 1044 ambigua

113 1073 261 1136 incertius
285 1071 364 1136 hora
387 1071 507 1150 mortis,
531 1072 690 1156 salutique
712 1094 790 1139 suae
812 1094 944 1157 compos
961 1074 1100 1157 corporis
1116 1077 1148 1138 et
1164 1073 1280 1137 mentis
1298 1072 1466 1136 salubriter

113 1180 294 1262 providens,
317 1181 461 1244 habitum
484 1181 642 1263 religionis
665 1201 684 1245 a
706 1184 967 1249 commendatore
994 1186 1026 1247 et
1048 1182 1197 1247 iratribus
1219 1182 1335 1246 domus
1357 1179 1467 1243 Theu-

114 1290 237 1353 tonicae
261 1289 376 1353 beatae
393 1289 512 1354 Mariae
532 1289 745 1373 Trajectensis
768 1292 926 1357 humiliter
947 1293 1036 1375 petiit
1059 1293 1091 1355 et
1112 1290 1248 1355 obtinuit
1269 1290 1312 1354 ab
1335 1288 1465 1354 eisdem.

114 1397 186 1474 Quo
216 1399 402 1480 impretrato
434 1397 466 1460 in
495 1398 673 1462 remedium
701 1399 828 1464 animae
858 1418 935 1464 snae
966 1403 998 1464 et
1019 1399 1257 1481 progenitorum
1279 1415 1410 1462 suorum
1434 1395 1469 1461 et'

114 1504 155 1567 ob
178 1525 269 1586 spem
292 1504 506 1570 retributionis
529 1509 680 1571 aeternae
702 1507 775 1571 viris
797 1507 948 1590 religiosis
979 1506 1232 1572 commendatori
1262 1509 1293 1569 et
1316 1504 1466 1569 tratribus

114 1613 228 1676 domus
251 1613 467 1678 'theutonicae
490 1613 521 1677 in
544 1613 720 1679 subsidium
752 1618 854 1679 terrae
886 1617 1016 1678 sanctae
1039 1614 1132 1679 nobis
1155 1617 1186 1677 et
1208 1613 1322 1677 dilecto
1344 1612 1466 1677 sororio

114 1727 223 1785 nostro
251 1722 366 1804 juniori
395 1723 501 1786 comiti
527 1723 567 1786 de
590 1722 848 1808 Oudenborch,¹)
881 1721 1102 1805 praesentibus
1132 1724 1164 1785 et
1194 1719 1467 1785 consentientibus

114 1830 145 1892 in
180 1847 293 1910 puram
328 1829 535 1894 elemosinam
568 1833 700 1912 propter
729 1830 832 1895 Deum
863 1830 1035 1895 liberaliter
1068 1829 1200 1894 contulit
1233 1831 1265 1892 et
1297 1826 1468 1908 assignavit

114 1936 280 1999 ecclesiam
310 1937 376 2000 sive
402 1938 454 2019 jus
486 1941 674 2020 patronatus
704 1939 835 2004 ecclesie
858 1940 899 2003 de
920 1937 1071 2022 Renen²)
1105 1955 1178 2002 cum
1205 1936 1273 2018 ejus
1295 1934 1468 1999 attinentiis

114 2063 173 2107 nec
195 2062 259 2106 non
279 2048 408 2126 grutam
437 2045 554 2110 ibidem
587 2051 618 2112 et
649 2047 807 2113 decimam
834 2050 866 2113 in
888 2047 990 2126 Node,
1024 2065 1121 2130 quam
1152 2043 1269 2108 ibidem
1303 2043 1467 2126 percipere

116 2149 291 2229 consuevit,
311 2155 479 2233 praeterea
500 2155 665 2220 ecclesiam
682 2175 754 2221 cum
772 2157 894 2222 decima
910 2157 942 2220 in
954 2155 1126 2220 Benemele
1149 2157 1181 2218 et
1197 2154 1265 2236 ejus
1282 2150 1466 2226 attinentiis,

115 2260 189 2323 item
212 2259 335 2339 domos,
369 2279 453 2344 quae
474 2262 654 2345 apellantur
675 2263 935 2348 Meynardinghe,
969 2263 1062 2327 sitam
1084 2262 1117 2325 in
1138 2259 1272 2342 Hegeto,
1307 2262 1338 2321 et
1360 2258 1466 2335 aliam,

115 2386 198 2449 quae
231 2367 343 2432 dicitur
376 2368 504 2449 Gesten,
539 2374 570 2434 et
602 2371 737 2450 tertiam,
772 2390 855 2453 quae
885 2370 998 2436 dicitur
1027 2366 1277 2451 Hubboldyngh,
1309 2367 1404 2430 sitam
1434 2365 1468 2429 in

115 2476 256 2555 Voletbe,
289 2496 362 2541 cum
395 2476 578 2543 hominibus
606 2480 637 2543 et
668 2479 779 2544 ceteris
810 2479 981 2543 attinentiis
1008 2476 1187 2541 earundem
1209 2475 1390 2553 domorum,
1422 2474 1467 2538 ita

114 2584 200 2665 quod
232 2584 384 2667 praedicti
418 2586 661 2651 commendator
693 2589 725 2650 et
757 2586 871 2651 fratres
904 2586 1012 2650 omnia
1042 2584 1219 2667 praemissa
1252 2581 1403 2664 deinceps
1434 2580 1467 2645 in

112 2695 303 2774 perpetuum
324 2691 467 2756 habeant
490 2696 521 2757 et
542 2695 675 2758 teneant
695 2694 794 2758 tibere
816 2697 848 2758 et
870 2694 985 2776 quiete.
1007 2692 1144 2774 Rogavit
1164 2694 1273 2757 autem
1296 2707 1356 2754 nos
1380 2690 1465 2754 idem

114 2800 236 2878 genitor
258 2801 376 2877 noster,
399 2802 435 2863 ut
457 2799 573 2864 dictam
596 2801 799 2868 collationem
822 2806 853 2866 et
874 2800 1096 2866 liberalitatem
1116 2817 1208 2863 suam
1225 2801 1328 2863 ratam
1346 2796 1467 2861 habere

113 2905 267 2969 vellemus
284 2910 315 2970 et
331 2906 466 2985 firmam,
487 2926 610 2991 nosque
626 2929 685 2993 pro
703 2912 771 2994 eJus
786 2913 861 2976 voto
881 2908 1073 2975 benevolum
1091 2907 1281 2974 adhibentes
1297 2924 1466 2971 assensum

56 3082 60 3089 ,
114 3013 313 3077 collationem
346 3016 557 3096 praemissam
590 3020 692 3082 ratam
723 3017 880 3082 habentes
912 3021 943 3081 et
971 3018 1096 3082 firmam
1127 3018 1230 3099 ipsam
1252 3015 1467 3097 promittimus

114 3122 295 3187 nullatenus
316 3122 380 3187 ullo
398 3143 564 3206 nunquam
581 3128 727 3206 tempore
744 3125 923 3206 intringere,
946 3145 1005 3190 nec
1028 3125 1180 3203 volentes,
1203 3128 1238 3188 ut
1260 3143 1280 3189 a
1302 3141 1467 3206 quoquam

113 3230 278 3293 hominum
301 3233 483 3295 nostrorum
507 3233 707 3314 aliquatenus
730 3232 926 3315 infringatur,
959 3232 1182 3297 renunciantes
1205 3249 1356 3314 expresse
1379 3229 1466 3294 omni

112 3338 297 3418 proprietati
329 3342 359 3402 et
385 3339 458 3421 Juri,
491 3340 518 3402 si
550 3340 635 3422 quod
666 3341 759 3406 nobis
789 3340 839 3405 vel
866 3341 1038 3405 heredibus
1069 3339 1185 3405 nostris
1208 3340 1239 3402 in
1263 3338 1411 3403 omnibus
1434 3339 1467 3401 et

112 3447 241 3529 singulis
258 3447 441 3529 praemissis
464 3448 706 3530 quomodolibet
728 3451 911 3531 competere
933 3447 1109 3524 videbatur,
1133 3465 1169 3510 ac
1185 3444 1273 3511 omni
1289 3444 1467 3527 exceptioni

113 3557 180 3620 sive
207 3557 380 3622 defensioni
407 3558 486 3639 juris
514 3557 655 3621 canonici
687 3557 736 3621 vel
766 3556 872 3634 civilis,
906 3555 933 3619 si
967 3575 1051 3638 quae
1083 3553 1176 3619 nobis
1209 3552 1259 3617 vel
1294 3551 1467 3617 heredibus

113 3666 228 3729 nostris
258 3665 365 3728 valere
396 3665 506 3746 posset
534 3664 576 3729 ad
606 3665 802 3730 obviandum
833 3664 1035 3746 aliquatenus
1062 3662 1225 3728 donationi
1252 3661 1466 3744 supradictae,

112 3791 150 3835 ac
180 3771 394 3853 supplicantes
424 3772 596 3835 venerabili
627 3773 709 3855 patri
738 3775 848 3838 nostro
869 3770 1037 3855 J(ohanni)
1066 3770 1167 3835 electo
1188 3768 1395 3853 Trajectensi,
1429 3772 1466 3833 ut

113 3881 216 3944 eidem
239 3879 403 3944 donationi
425 3898 519 3943 suum
542 3899 735 3945 consensum
758 3884 789 3944 et
811 3879 1033 3944 auctoritatem
1055 3877 1217 3955 adhibeat,
1244 3878 1404 3958 quatenus
1427 3894 1465 3940 eo

112 3988 299 4070 ampliorem
334 3986 478 4052 obtineat
510 3988 702 4053 firmitatem.
745 3987 826 4050 Acta
864 3989 972 4049 autern
1012 3987 1086 4049 sunt
1118 3983 1199 4048 haec
1231 3983 1264 4047 in
1297 3982 1465 4063 Benthem,

111 4095 333 4175 praesentibus
362 4095 454 4160 nobis
477 4098 509 4159 et
531 4096 646 4161 comite
669 4095 709 4159 de
732 4093 959 4173 Oudenborch,
992 4097 1024 4157 et
1055 4097 1090 4159 ut
1117 4093 1236 4158 dictum
1264 4092 1360 4156 etiam
1388 4110 1465 4156 con-

113 4205 322 4268 sentientibus
344 4222 381 4268 ac
402 4206 624 4287 praesentibus
646 4203 791 4281 testibus,
812 4202 929 4267 scilicet
947 4202 1080 4267 Alberto
1094 4200 1281 4285 presbytero
1297 4198 1465 4281 capellano

113 4314 233 4390 nostro,
256 4311 420 4376 Bernardo
443 4312 484 4377 de
505 4312 738 4391 Sebelinchem,
760 4310 890 4375 Nicolao
912 4309 953 4373 de
969 4309 1082 4386 Turre,
1105 4308 1236 4374 Nicolao
1258 4308 1322 4373 filio
1339 4307 1466 4391 Boyde-

113 4416 176 4480 kini
199 4420 230 4480 et
253 4418 420 4501 Ludolpho
448 4420 512 4485 filio
534 4422 602 4503 ejus
625 4421 708 4485 dicto
731 4419 771 4484 de
793 4416 1045 4501 sconewolde,³)
1077 4415 1229 4481 Conrado
1251 4415 1292 4480 de
1314 4413 1467 4492 Queden·

114 4523 203 4606 dorp,
227 4525 364 4591 Henrico
386 4529 426 4591 de
448 4528 561 4593 Reden
584 4527 752 4604 militibus;
785 4524 958 4607 Rodolpho
980 4522 1091 4587 Haech
1114 4523 1155 4587 de
1178 4522 1288 4601 Vethe,
1317 4522 1467 4586 Werem·

113 4633 210 4697 boldo
228 4632 401 4715 Flamynch
424 4635 549 4700 famulis
571 4638 604 4699 et
625 4633 693 4698 aliis
715 4652 813 4717 quam
835 4633 988 4716 pluribus.
1012 4631 1047 4694 ln
1069 4632 1159 4714 cujus
1182 4631 1227 4694 rei
1247 4629 1465 4694 testimonium

112 4761 171 4805 nos
193 4741 380 4826 E(gbertus)
404 4760 511 4806 comes
534 4743 574 4807 de
596 4741 754 4806 Benthem
775 4741 955 4823 praedictus
986 4737 1120 4819 sigillum
1148 4742 1294 4803 nostrum
1317 4738 1466 4803 duximus

111 4850 333 4931 praesentibus
356 4849 595 4932 apponendum.
617 4849 684 4914 Nos
702 4867 831 4932 quoque
845 4845 1038 4932 J(ohannes)
1055 4846 1111 4910 Dei
1133 4845 1234 4927 gratia
1251 4844 1465 4928 Trajectensis

112 4957 230 5022 electus
250 4957 448 5040 profitemur,
480 4975 540 5022 nos
571 4974 763 5023 consensum
792 4959 938 5020 nostrum
967 4957 1000 5019 et
1029 4956 1251 5022 auctoritatem
1282 4955 1465 5038 praemissis
