3210 5424
756 365 821 422 ran
1444 343 1465 407 9

114 531 345 598 ecclesiasticae
362 531 503 612 dignitati
519 531 668 618 inducere
685 531 910 596 detrimentum
926 527 1261 595 excommunicationis
1274 524 1464 590 sententiam

113 643 250 729 proferri
278 641 500 708 mandavimus
530 641 563 705 in
591 641 732 707 eosdem.
776 640 819 705 At
848 638 906 723 ipsi
936 639 1001 705 dati
1031 637 1062 701 in
1084 653 1213 700 sensum
1235 633 1409 717 reprobum
1431 633 1464 696 et

113 754 243 838 penitus
282 751 477 818 obstinatum
518 750 708 814 sententiam
751 749 853 833 ipsam
893 749 1001 814 animo
1042 745 1260 810 sustinuerunt
1300 737 1463 823 pertinaci.

114 861 361 926 &eternitatem
392 863 532 924 vestram
565 877 735 924 monemus
767 862 800 923 et
829 858 994 922 hortamur
1026 857 1147 920 attente
1180 852 1213 915 iu
1243 847 1464 914 remissionem

114 974 320 1053 peccatorum
352 967 573 1034 nichilominus
605 968 817 1051 injungentes,
855 967 945 1031 vohis
983 983 1047 1048 qua
1084 960 1246 1044 fungimur
1277 956 1463 1023 auctoritate

115 1077 320 1157 mandantes,
350 1081 509 1160 quatenus
538 1095 598 1159 pro
627 1075 750 1141 honore
777 1075 926 1142 clericalis
955 1073 1074 1138 ordinis
1104 1074 1136 1135 ct
1156 1067 1286 1133 honoris
1307 1065 1349 1130 ad
1370 1082 1464 1148 prae·

114 1187 272 1252 dictorum
306 1186 523 1252 maleficorum
552 1185 733 1252 violentiam
767 1183 1003 1268 reprimendam
1035 1182 1140 1245 vestra
1170 1175 1276 1242 studia
1304 1178 1336 1239 et
1364 1192 1465 1257 opera

112 1297 316 1376 convertatis,
349 1315 479 1362 causam
513 1295 676 1378 praefatae
709 1293 860 1359 ecclesiae
891 1287 1148 1371 Osnahurgensis
1181 1284 1284 1349 modis
1315 1281 1464 1348 omnihus

112 1405 230 1488 quibus
263 1403 406 1488 poteritis
439 1403 626 1469 defendatis.
669 1401 787 1468 Datum
826 1401 977 1468 Coloniae
1011 1417 1096 1462 anno
1129 1394 1255 1460 Domini
1287 1390 1464 1466 M⁰CC⁰L⁰;

110 1513 214 1579 Nonis
235 1512 331 1580 Febr.

730 1595 780 1680 u-
802 1593 850 1678 s.)

106 1930 157 1999 13.
182 1968 215 1979 -
246 1930 329 2000 1251
352 1928 507 2015 (modist)
529 1928 599 2012 nod
622 1928 767 2010 nitram
789 1929 820 1999 5.

284 2063 351 2130 bet
379 2062 518 2145 crnibtte
548 2061 664 2144 ttitrboi
693 2061 802 2129 arua
831 2060 1007 2128 brnrtrrrrbct
1037 2059 1101 2126 eine
1129 2077 1183 2125 oct
1215 2058 1275 2140 itm
1306 2057 1463 2142 pctbttiqte

285 2169 627 2254 (brrirbtsuettanbtnnp
650 2171 682 2237 in
704 2171 768 2236 rem
785 2169 888 2237 &tuit
910 2167 1186 2250 resonaremus
1208 2168 1262 2233 rnit
1284 2166 1349 2233 henr
1363 2165 1463 2232 ntra

279 2279 397 2347 tiones
415 2277 693 2360 condonaturum
716 2280 787 2346 tibet
808 2278 1060 2363 bastigentium
1083 2277 1163 2343 einer
1180 2274 1259 2357 huie
1283 2276 1315 2341 in
1331 2274 1463 2338 Suther-

281 2387 388 2468 berge.
433 2387 536 2471 thegen
559 2387 614 2454 tan
638 2387 796 2468 irbieton
820 2387 951 2468 (ttrtirbte
978 2405 1037 2454 oon
1058 2388 1123 2453 ben
1145 2384 1249 2454 ittttcr
1271 2382 1381 2465 bricti
1403 2400 1463 2450 con

282 2495 479 2580 (dttncnberp
509 2494 693 2579 peinntenea
715 2494 846 2578 (datad,
876 2494 933 2575 bah
964 2495 1020 2562 bot
1052 2492 1244 2576 acaronita
1274 2493 1325 2560 ber
1346 2490 1463 2573 iiidie

281 2603 333 2685 ici,
364 2621 416 2671 arn
447 2604 509 2676 iein
541 2604 629 2686 dicht
660 2623 695 2689 pr
727 2604 877 2685 ternatim,
910 2604 969 2690 tept
1002 2604 1119 2673 berner
1146 2602 1306 2688 ttcmiunq
1336 2619 1377 2668 cn
1406 2601 1463 2668 tot

283 2712 400 2796 dirrirbt
421 2713 474 2781 bet
496 2713 679 2799 drphiirbois
700 2733 734 2799 na
757 2714 837 2781 aura
859 2715 917 2781 cin.

379 2843 521 2917 Drtqtrrat:
541 2846 745 2920 &tcatssordrtn
783 2847 880 2906 brad:
899 2846 992 2917 bttiet
1011 2846 1062 2902 itt.
1083 2847 1144 2901 320.

237 2964 377 3051 B(runo)
398 2965 456 3031 Dei
484 2965 585 3048 gratia
607 2965 861 3050 Osnaburgensis
892 2966 1011 3032 electus
1041 2965 1190 3030 omnibus
1219 2963 1281 3027 hoc
1310 2961 1462 3043 scriptum

103 3074 224 3138 visuris
253 3072 286 3136 in
315 3092 355 3137 eo
386 3073 440 3156 qui
470 3073 556 3138 salus
587 3076 731 3140 omnium
761 3078 810 3138 est
831 3074 976 3139 salutern.
1019 3072 1173 3138 Noverint
1194 3068 1343 3147 universi,
1375 3067 1463 3151 quod

104 3180 371 3263 comparentibus
400 3200 509 3247 coram
537 3182 631 3248 nobis
661 3182 784 3248 decano
816 3186 848 3246 et
877 3182 1015 3265 capitulo
1044 3179 1175 3263 maJ‘oris
1202 3177 1332 3244 ecclesie
1354 3179 1463 3240 nostre

67 3364 70 3367 Α
104 3287 368 3370 Osnaburgensis
390 3293 422 3354 et
442 3288 606 3356 Bernnero
628 3291 669 3356 de
690 3291 912 3374 Vorencampe
942 3290 1039 3354 milite
1068 3309 1108 3353 ex
1138 3290 1230 3371 parte
1258 3283 1384 3369 capituli
1405 3283 1463 3348 tuit

104 3397 310 3481 propositum
340 3416 449 3462 coram
479 3400 581 3476 nobis,
613 3399 700 3482 quod
729 3399 814 3464 idern
837 3400 1025 3486 B(ernerus)
1047 3399 1137 3462 miles
1160 3397 1266 3479 ipsum
1289 3394 1461 3478 capitutum

104 3507 140 3570 in
163 3524 224 3570 sua
242 3507 331 3589 justa
352 3507 555 3587 possessione
584 3508 750 3592 cujusdam
775 3528 908 3574 mansus
928 3509 961 3573 in
983 3508 1209 3589 Sutherberge,
1241 3503 1295 3589 qui
1317 3507 1366 3569 est
1387 3521 1464 3568 vera

107 3613 290 3696 proprietas
312 3613 398 3677 beati
419 3613 503 3679 Petri
524 3618 556 3680 et
578 3635 675 3699 quern
696 3617 782 3682 idern
804 3617 977 3700 capitulum
999 3617 1031 3680 iu
1052 3634 1111 3681 suo
1134 3632 1234 3679 censu
1256 3615 1288 3676 et
1308 3611 1463 3695 pensione

107 3721 299 3804 prebendati
325 3741 399 3787 cum
429 3724 535 3789 debito
566 3725 696 3790 servicio
726 3724 795 3790 sine
823 3725 930 3809 aliqua
948 3726 1035 3809 justa
1056 3723 1259 3806 impeticione
1279 3723 1364 3805 juste
1386 3739 1461 3803 pos·

108 3829 195 3894 sedit
216 3833 249 3894 et
270 3830 375 3896 adbuc
393 3831 478 3914 juste
501 3834 643 3917 possidet
664 3839 696 3899 et
710 3835 848 3917 legitime
869 3834 1062 3918 prescripsit,
1085 3834 1165 3898 sicut
1185 3833 1294 3915 posset
1314 3833 1347 3894 et
1368 3828 1462 3893 vellet

110 3938 200 4004 omni
219 3941 292 4022 jure
314 3958 379 4022 quo
400 3940 532 4006 deberet
553 3943 706 4025 optinere,
737 3944 889 4026 inceperit
910 3942 992 4008 infra
1014 3942 1178 4006 biennium
1199 3938 1330 4005 truhare
1351 3940 1462 4002 contra

107 4047 269 4129 justiciam
287 4047 449 4116 violenter.
471 4049 518 4114 Ex
539 4054 630 4133 parte
652 4071 728 4116 vero
750 4051 823 4118 dicti
840 4051 946 4115 militis
962 4051 1019 4116 ruit
1036 4049 1244 4134 propositum,
1268 4047 1354 4131 quod
1375 4046 1462 4112 idem

110 4153 303 4239 B(ernerus)
320 4155 410 4220 miles
426 4155 545 4222 dictum
560 4177 707 4222 mansum
723 4179 742 4225 a
758 4159 1013 4242 progenitoribus
1034 4157 1098 4223 suis
1114 4162 1215 4241 patre,
1231 4175 1302 4235 avo,
1319 4159 1414 4221 atavo
1429 4156 1461 4220 in

112 4281 172 4326 sua
188 4261 285 4346 priori
303 4262 472 4345 antiquiori
487 4263 676 4331 hereditaria
692 4269 723 4331 et
739 4266 879 4332 censuali
896 4268 1097 4350 possessione
1113 4285 1187 4332 curn
1203 4264 1312 4330 debito
1329 4263 1462 4329 servicio

114 4371 344 4454 quinquaginta
368 4372 462 4437 annis
490 4377 521 4438 et
546 4374 683 4457 amplius
705 4376 790 4458 juste
818 4378 850 4439 et
870 4376 1060 4440 hereditarie
1090 4375 1158 4439 sine
1179 4373 1287 4456 aliqua
1305 4375 1392 4456 justa
1413 4373 1461 4436 in·

114 4479 265 4561 petitione
286 4479 483 4563 possedisset
504 4485 537 4546 et
558 4482 663 4548 adhuc
684 4502 757 4548 cunr
780 4483 887 4550 debito
909 4503 1007 4549 censu
1030 4488 1061 4548 et
1078 4483 1208 4548 servicio
1225 4481 1388 4565 possideat
1401 4498 1462 4544 nec

115 4587 253 4652 eundem
268 4606 417 4653 mansum
435 4588 467 4653 in
483 4590 590 4674 aliquo
612 4590 681 4657 loco
703 4591 735 4657 in
757 4611 873 4658 manus
894 4591 1025 4675 alicujus
1047 4590 1227 4673 resignavit,
1249 4609 1315 4655 non
1334 4588 1460 4673 dimisit,

115 4695 193 4760 sicut
213 4714 282 4778 sper
309 4694 468 4763 sufficiens
497 4700 714 4765 testimonium
745 4700 890 4766 videlicet
922 4722 993 4767 curn
1016 4699 1227 4766 coheredibus
1255 4703 1287 4764 et
1308 4699 1461 4763 conmini-

116 4801 292 4868 steriatihus
313 4803 378 4868 suis
401 4809 432 4870 et
453 4824 526 4872 curn
547 4808 864 4874 circummorantibus
891 4828 1038 4874 mansum
1065 4807 1159 4872 veltet
1181 4806 1334 4892 optinere.
1377 4807 1462 4872 Inter

220 4986 242 5055 ¹)
261 4985 355 5058 23qu.
375 4985 425 5044 at.
444 4988 469 5042 8.
