3210 5424
770 319 837 375 lm
1411 306 1469 370 361

128 478 198 546 518.
221 517 260 529 -
283 480 379 565 tura,
402 482 496 563 12⁷4,
519 481 705 567 &utentes
727 486 777 556 17.

296 615 389 697 bault
404 616 523 700 &tepor
538 617 576 682 X.
599 617 711 700 totbrrt
733 618 787 685 tm
804 617 964 702 utrilibet
980 636 1038 685 nou
1054 617 1134 685 altu
1155 618 1216 685 unt
1240 618 1317 699 letne
1342 617 1472 700 buitta:

297 742 371 808 pour
401 725 464 806 cul,
498 727 554 794 toa
576 728 670 812 treug
691 746 742 812 pur
764 727 931 812 batratano
960 728 1011 796 bct
1033 727 1159 811 brittam
1180 727 1298 795 ualles
1331 728 1472 813 arcticon

296 852 329 917 pu
352 833 453 915 tolca.

391 964 483 1036 &tnta
500 964 590 1036 Μή.
609 965 691 1024 usal.
710 968 735 1023 V
754 965 804 1023 itt.
823 968 876 1023 698
882 981 890 1036 7
909 967 963 1039 bsst.
984 967 1118 1040 tlotttpolt,
1136 969 1227 1038 Regg.
1245 972 1333 1037 pontt.
1353 969 1448 1024 20920.

254 1083 432 1149 Coloniensi
454 1083 691 1169 archiepiscopo
713 1087 747 1151 et
768 1085 923 1151 universis
945 1086 1102 1170 episcopis
1124 1105 1181 1151 sue
1204 1085 1371 1170 provintie.

126 1394 195 1461 519.
216 1431 259 1442 -
280 1394 375 1475 1274,
397 1392 533 1468 orales
554 1394 606 1466 21.

294 1525 354 1592 tote
375 1513 504 1607 t'thtillm
525 1523 723 1609 hilbrssunbtc
755 1526 816 1593 aab
850 1525 900 1594 bet
930 1527 1038 1612 licerit
1061 1528 1170 1596 tilleto
1193 1546 1252 1595 oon
1274 1528 1392 1606 tbtrttct
1425 1528 1471 1596 bc:

292 1634 443 1701 urtuabso
463 1634 509 1702 bic
531 1633 677 1719 &ttttung
700 1635 780 1702 stara
802 1635 1156 1720 ffumittenssebdrbtutllca
1178 1636 1263 1717 burch
1280 1633 1469 1721 hcttrmtgta,

293 1743 339 1809 tir
360 1743 481 1810 aarum
503 1743 658 1826 iliberto,
690 1754 748 1810 cuo
778 1746 866 1811 berea
887 1744 1074 1829 bettonam
1096 1746 1129 1812 tu
1151 1744 1354 1829 tiltenttngen,
1388 1744 1471 1827 litet:

291 1852 401 1936 latram,
436 1851 616 1935 &herbert
647 1849 748 1933 heleis
777 1853 838 1918 unt
869 1851 1032 1936 hctorrbr3
1067 1853 1152 1920 stura
1180 1852 1268 1936 theti
1296 1853 1348 1921 ber
1370 1853 1471 1923 tbtttcr

295 1957 346 2039 loll
368 1959 430 2042 itte
451 1960 572 2044 jitussere
594 1959 716 2043 wodstoc
738 1958 867 2041 utilctct
889 1959 943 2044 cut
964 1961 1131 2044 sesemet
1154 1959 1299 2043 trtotteu.

391 2091 535 2164 Drtsstnol:
555 2092 735 2163 &hiltrudis
754 2092 868 2165 titrftet.

253 2208 412 2273 Universis
444 2209 559 2275 Christi
589 2210 735 2276 fidelibus
766 2214 832 2276 tam
862 2212 1063 2296 presentibus
1094 2231 1191 2296 quam
1220 2212 1333 2278 tuturis
1362 2212 1471 2279 Hilde-

127 2315 242 2396 gundis
265 2317 436 2397 abbatissa,
465 2318 584 2385 Albero
605 2320 786 2403 prepositus
816 2323 965 2403 totusque
988 2324 1163 2386 conventus
1185 2320 1471 2386 sanctimonialium

126 2423 159 2489 in
193 2425 348 2491 Borstello
386 2429 546 2493 orationes
583 2428 614 2492 in
647 2428 792 2494 Domino.
837 2428 918 2494 Cum
957 2447 1005 2508 ea,
1043 2448 1106 2512 que
1138 2429 1218 2493 liunt
1251 2428 1283 2493 in
1315 2432 1470 2512 tempore,

124 2533 274 2599 labantur
303 2555 375 2599 cum
406 2539 559 2619 tempore,
594 2535 731 2620 expedit,
763 2538 800 2601 ut
821 2555 860 2600 ea
882 2555 945 2619 que
967 2540 1105 2620 aguntur
1135 2536 1167 2601 in
1198 2536 1315 2620 scripta
1345 2537 1472 2619 publica

124 2643 316 2724 redigantur.
339 2643 420 2709 Hinc
443 2648 490 2709 est
512 2645 598 2728 quod
621 2648 732 2710 notum
754 2644 821 2709 lieri
843 2645 990 2711 volumus
1012 2646 1165 2710 universis
1186 2644 1302 2711 Christi
1324 2645 1470 2711 fidelibus

123 2755 191 2815 tam
220 2753 421 2834 presentibus
454 2772 551 2836 quam
584 2752 705 2832 futuris,
739 2753 825 2837 quod
862 2753 992 2819 domina
1020 2753 1210 2838 Heylewigis
1242 2755 1284 2819 ob
1314 2753 1471 2819 honorem

124 2859 182 2923 Dei
204 2861 429 2942 omnipotentis
458 2864 489 2924 et
520 2861 654 2942 gloriose
685 2861 812 2944 virginis
833 2862 932 2927 blarie
954 2880 1080 2927 necnon
1105 2865 1136 2926 et
1157 2861 1199 2927 ob
1222 2862 1352 2927 nimiam
1374 2862 1470 2928 dilec-

122 2970 254 3047 tionem,
288 2987 384 3051 quam
415 2968 457 3034 ad
487 2969 655 3033 cenobium
685 2973 830 3035 nostrum
852 2969 974 3035 habere
995 2970 1131 3050 ridetur,
1165 2971 1312 3053 quartam
1334 2973 1469 3052 partem,

125 3095 223 3159 quam
245 3076 276 3140 in
298 3076 438 3158 presenti
459 3076 601 3159 possidet
623 3077 655 3141 in
677 3079 763 3143 curia
785 3077 1039 3162 Oldenlinglre,¹)
1069 3082 1142 3162 post
1163 3079 1285 3143 obitum
1307 3079 1405 3160 ipsius
1427 3079 1471 3144 ad

124 3183 363 3249 illuminandam
388 3185 551 3250 ecclesiam
587 3186 619 3250 in
647 3184 699 3250 die
725 3184 841 3250 scilicet
864 3189 895 3250 et
916 3185 1137 3251 dormitorium
1160 3187 1191 3250 in
1213 3190 1306 3251 nocte
1328 3186 1469 3267 contulit,

125 3293 213 3376 quod
235 3295 364 3359 sacrista
386 3295 586 3377 promovebit
608 3297 639 3358 et
660 3293 769 3359 vinum
791 3295 833 3360 ad
855 3295 955 3360 altare
971 3295 1012 3360 de
1027 3294 1179 3377 pensione
1195 3294 1338 3378 predicte
1354 3294 1469 3360 domus

124 3403 325 3482 ministrabit,
348 3404 428 3469 duas
450 3423 526 3468 vero
542 3403 656 3469 domos
671 3401 903 3487 Messinghen²)
922 3406 953 3468 et
970 3401 1223 3488 Schanthorpei)
1245 3403 1277 3467 in
1299 3421 1469 3484 cameram,

123 3511 210 3576 unde
233 3513 406 3577 cameraria
429 3513 595 3576 annuatim
616 3510 808 3576 dominabus
830 3512 862 3576 in
883 3511 1022 3594 pelliceis
1044 3513 1076 3574 et
1097 3511 1209 3574 ceteris
1231 3510 1371 3575 vestibus
1392 3530 1468 3593 pro-

125 3619 256 3698 curabit,
279 3620 359 3685 duas
382 3619 478 3684 etiam
500 3621 613 3685 domos
635 3620 667 3684 in
686 3619 844 3705 Helrese⁴)
866 3621 898 3685 in
920 3619 1080 3685 cellarium
1102 3617 1143 3682 ad
1166 3637 1242 3683 usus
1265 3618 1467 3684 dominarum

125 3728 285 3811 expendit,
319 3729 404 3794 unde
434 3728 595 3793 celleraria
626 3731 762 3810 quatuor
790 3728 920 3794 servicia
942 3727 1134 3793 dominabus
1155 3727 1371 3811 sollempniter
1391 3749 1469 3812 pro·

123 3835 243 3900 videbit
264 3837 443 3901 annuatim:
466 3835 604 3918 primum
625 3836 741 3902 scilicet
762 3835 795 3900 in
817 3836 1032 3902 anniversario
1054 3837 1153 3919 patris
1175 3837 1316 3921 predicte
1339 3838 1468 3904 domine

123 3943 313 4026 Heylewigis
336 3947 368 4008 et
388 3945 508 4023 matris,
540 3944 593 4026 qui
602 3943 639 4029 (t)
663 3944 789 4008 evenire
811 3943 891 4008 solet
912 3942 1055 4026 Tyburtii
1078 3948 1109 4009 et
1130 3944 1298 4025 Valeriani,
1330 3965 1468 4029 sequens

124 4071 202 4116 vero
224 4052 255 4115 in
278 4053 439 4116 nativitate
461 4052 555 4116 beate
577 4053 704 4134 virginis
726 4052 757 4116 in
779 4053 995 4117 anniversario
1013 4053 1116 4118 mariti
1132 4052 1230 4136 ipsius
1245 4055 1297 4138 pie
1315 4057 1468 4121 memorie

124 4159 285 4238 Richardi,
317 4160 447 4224 tercium
474 4160 506 4223 in
528 4159 695 4225 festivitate
717 4159 860 4225 omnium
882 4164 1074 4241 sanctorum,
1108 4167 1256 4245 quartum
1278 4183 1350 4229 cum
1372 4164 1466 4229 anni-

126 4268 264 4333 versaria
286 4267 353 4332 dies
375 4267 473 4350 ipsius
492 4269 558 4350 jam
581 4268 663 4333 dicte
685 4268 813 4334 domine
835 4267 1024 4353 Heylewigis
1045 4270 1193 4348 illuxen't3
1227 4275 1259 4336 et
1280 4273 1413 4338 domum
1435 4274 1467 4338 in

124 4375 321 4441 Halrevorde
330 4376 358 4461 ⁶)
389 4376 520 4440 contulit
541 4376 711 4442 infirmarie
733 4377 913 4442 necessaria
934 4378 1064 4443 infirmis
1086 4379 1292 4461 providendo.
1336 4380 1468 4464 Insuper

124 4483 205 4549 scire
234 4484 380 4549 volumus
410 4484 584 4564 universos,
618 4484 704 4566 quod
733 4484 819 4550 bona
841 4484 1042 4566 Messinghen
1064 4490 1096 4550 et
1118 4487 1180 4552 due
1202 4488 1317 4554 domus
1339 4488 1467 4556 Helrese

124 4596 199 4676 post
230 4596 367 4657 mortem
399 4592 538 4674 predicte
571 4592 699 4657 domine
732 4592 920 4676 Heylewigis
953 4593 1067 4659 cedent
1098 4594 1131 4659 in
1163 4614 1240 4661 usus
1272 4596 1335 4661 filie
1368 4598 1466 4681 ipsius

125 4702 256 4767 minoris
278 4701 417 4765 Elizabet
439 4700 592 4779 videlicet,
620 4701 676 4765 sed
699 4719 772 4765 cum
794 4701 864 4785 ipsa
885 4701 1006 4782 obierit,
1035 4703 1095 4768 ista
1116 4704 1203 4769 bona
1224 4724 1297 4771 cum
1318 4707 1467 4789 predictis

124 4809 218 4874 bonis
250 4808 347 4873 libere
380 4812 411 4872 et
443 4807 588 4872 absolute
619 4809 652 4872 in
684 4826 761 4873 usus
793 4809 907 4874 cedent
935 4811 1127 4875 monasterii.
1170 4811 1219 4877 Ne
1244 4813 1336 4894 igitur
1362 4813 1393 4878 id
1424 4815 1466 4880 ab

124 4919 232 5002 aliquo
264 4917 499 4984 succedentium
535 4917 731 5000 prelatorum
764 4918 933 4985 conventui
964 4918 1161 5004 infringatur,
1198 4922 1256 4987 sed
1292 4925 1398 4988 ratum
1436 4927 1468 4990 et
