3210 5424
174 307 238 374 484
819 324 887 383 1280

176 490 288 553 decani
311 492 343 552 et
364 486 492 570 capituli
513 487 729 570 predictorum
751 488 794 553 ad
816 488 982 553 utilitatem
1013 492 1045 553 et
1074 489 1328 554 emolumentum
1351 489 1525 555 eorundem

173 598 285 663 decani
318 600 350 661 et
383 596 509 679 capituli
542 595 685 679 plenarie
717 596 961 678 permutationis
990 596 1080 662 titulo
1109 596 1282 678 resignavit
1314 597 1445 679 plenum
1475 598 1526 678 jus

173 705 374 788 proprietatis
397 707 430 767 et
452 704 583 768 dominii
605 703 820 786 predictorum
842 705 1003 770 bonomm
1033 705 1064 769 in
1095 704 1182 786 ipsos
1205 705 1364 783 decanum
1388 708 1420 768 et
1443 703 1527 786 capi·

172 814 275 879 tulum
306 812 537 892 transferendo,
571 813 716 894 promisit
749 812 971 878 nichilominus
1004 813 1106 878 dictus
1135 831 1245 877 comes
1274 812 1411 894 publice,
1443 811 1527 892 quod

172 921 305 1004 prelatis
327 921 450 984 decano
473 922 505 982 et
527 919 665 1001 capitulo
687 939 760 984 cum
783 939 883 985 uxore
903 924 935 985 et
957 919 1063 986 liberis
1091 921 1156 986 suis
1186 920 1311 985 cavebit
1332 920 1373 984 de
1395 918 1476 983 vicio
1497 920 1529 982 et

173 1029 328 1094 evictione
350 1027 508 1093 dictorum
529 1027 689 1091 bonorum
720 1031 753 1091 et
780 1026 911 1109 plenam
939 1028 984 1092 eis
1012 1028 1202 1110 prestabunt
1218 1028 1373 1111 quamdiu
1396 1026 1529 1090 vixerint

173 1137 380 1202 warandiam.
425 1135 497 1213 Quo
530 1134 614 1200 lacto
648 1135 789 1200 decanus
819 1141 851 1201 et
884 1136 1056 1219 capitulum
1086 1136 1201 1218 prefati
1231 1137 1374 1214 domum,
1409 1136 1529 1217 inqua

173 1249 316 1310 moratur
349 1242 517 1308 Wescelus
550 1241 756 1324 Hergherinc,
797 1246 829 1307 et
862 1244 994 1308 domum
1028 1242 1206 1308 Hermanni
1238 1242 1422 1324 Rolovingh
1455 1261 1529 1306 cum

172 1353 355 1418 hominibus
377 1354 410 1416 et
431 1350 580 1415 omnibus
602 1351 670 1414 aliis
690 1351 899 1433 pertinentiis,
930 1353 1010 1416 sicut
1041 1353 1081 1416 de
1103 1351 1171 1414 aliis
1194 1350 1287 1415 bonis
1310 1350 1459 1431 superius
1482 1352 1530 1413 est

173 1461 372 1544 expressum,
404 1460 437 1523 in
471 1477 587 1523 manus
622 1459 696 1523 dicti
728 1458 852 1524 comitis
881 1460 1024 1543 plenarie
1051 1460 1293 1540 resignaverunt
1325 1457 1458 1539 plenum
1477 1459 1529 1541 jus

90 1593 93 1596 ·
172 1568 378 1651 proprietatis
400 1570 432 1631 et
455 1566 585 1631 dominii
608 1568 785 1631 eorundem
807 1568 968 1632 bonorum
990 1569 1022 1632 in
1044 1568 1149 1650 ipsum
1172 1567 1321 1631 comitem
1343 1569 1376 1630 et
1392 1565 1529 1629 heredes

171 1696 247 1741 suos
268 1674 512 1759 permutationis
535 1674 626 1739 titulo
648 1675 843 1757 integraliter
863 1676 1093 1742 transferentes
1123 1678 1156 1738 et
1182 1675 1407 1758 promittentes
1430 1672 1529 1737 nichi-

171 1781 318 1861 lominus,
342 1783 429 1862 quod
452 1781 572 1844 eisdem
596 1781 702 1845 comiti
725 1785 756 1844 et
778 1781 950 1847 heredibus
972 1782 1038 1847 suis
1059 1783 1190 1866 plenam
1207 1782 1397 1865 prestabunt
1414 1799 1530 1864 quam-

171 1889 226 1954 diu
253 1889 389 1953 vixerint
416 1889 623 1954 warandiam.
666 1888 749 1953 Acta
782 1893 857 1954 sunt
888 1891 949 1955 hec
981 1893 1068 1973 apud
1102 1890 1295 1974 Gymmetbe
1325 1890 1531 1972 presentibus

170 1997 394 2078 infrascriptis:
436 1995 619 2060 Brunsteno
657 1997 802 2061 videlicet
834 1998 969 2077 decano,
1010 1997 1210 2063 Theoderico
1244 2000 1285 2063 de
1318 1997 1530 2079 Dorenborgh

170 2103 379 2191 thesaurario,
413 2102 531 2168 Adollo
561 2102 760 2168 vicedomino
790 2108 822 2170 et
852 2105 919 2170 aliis
942 2106 1205 2189 quampluribus
1233 2107 1341 2188 probis
1364 2106 1448 2170 viris.
1495 2106 1529 2169 ln

171 2213 261 2295 cujus
294 2212 340 2275 rei
376 2211 593 2275 testimonium
630 2215 796 2293 presentes
828 2213 936 2277 literas
969 2217 1089 2292 nostro,
1129 2214 1252 2280 comitis
1286 2214 1326 2278 de
1358 2213 1529 2292 Benthem‚

171 2319 283 2384 decani
306 2323 339 2383 et
365 2318 492 2401 capituli
514 2319 728 2401 predictorum
758 2318 865 2400 sigillis
895 2319 1027 2384 lecimus
1058 2321 1257 2386 communiri.
1300 2319 1420 2384 Datum
1442 2340 1529 2385 anno

170 2427 297 2493 Domini
318 2427 447 2492 M⁰CC⁰
470 2427 676 2508 octogesimo,
699 2425 778 2490 feria
798 2427 940 2491 secunda
962 2432 1036 2509 post
1057 2427 1210 2493 Gereonis
1232 2431 1264 2492 et
1286 2428 1430 2492 Victoris.

279 2609 300 2676 ¹)
319 2606 493 2679 tinuertaioit
509 2606 635 2677 ttultum,
647 2605 733 2677 Stalai.
747 2604 915 2663 bmebettea.
935 2638 968 2646 -
988 2607 1011 2675 ¹)
1031 2606 1194 2680 uteremur,
1209 2609 1295 2679 ttript
1310 2608 1481 2666 brrrdbetten.
1496 2639 1527 2647 -

175 2694 203 2761 ⁸),
218 2692 391 2764 boueridatt
409 2692 565 2763 hottinger,
583 2692 669 2763 itrlpt.
690 2691 858 2750 &nebettam
878 2724 910 2732 —
939 2695 962 2761 ⁴)
981 2693 1041 2750 ibet
1059 2693 1250 2767 iitdbtenhcch,
1269 2711 1305 2753 aa
1324 2696 1446 2767 melchom
1466 2696 1527 2765 tracta

175 2781 253 2851 brute
274 2784 316 2838 ela
334 2781 453 2838 ttotouct
472 2780 611 2838 iintmbed
630 2782 701 2852 ttcgt.

171 3119 884 3202 tm-ommdmawmwb

340 3252 456 3336 ttildoi
477 3252 600 3321 doureh
623 3253 877 3321 rationaliter
906 3254 1059 3338 auerterat
1089 3255 1154 3321 bern
1181 3254 1294 3329 ittoiter
1317 3255 1522 3339 &thucabori

341 3361 404 3428 bret
426 3360 590 3445 &dilinga
612 3371 671 3428 aaa
693 3362 757 3428 hem
780 3362 857 3428 brie
872 3361 993 3430 biberto
1015 3363 1048 3427 in
1065 3361 1157 3429 ttiute
1173 3361 1288 3446 (itrlpl.
1308 3360 1522 3447 heneattrdrar

340 3464 386 3536 im
405 3467 544 3554 attica).

436 3590 1522 3677 mmmmmmmmmemmmmmmmme

295 3719 330 3783 ln
352 3719 482 3783 nomine
505 3724 613 3784 sancte
636 3723 667 3784 et
689 3720 849 3784 individue
871 3720 1028 3787 trinitatis.
1055 3721 1121 3785 Nos
1145 3720 1313 3785 Conradus
1336 3719 1393 3784 Dei
1415 3722 1524 3804 gracia

173 3825 429 3907 osnaburgensis
463 3826 593 3891 ecclesie
622 3829 790 3910 episcopus
817 3827 976 3905 omnibus,
1016 3829 1058 3892 ad
1092 3847 1173 3909 quos
1205 3846 1337 3909 presens
1369 3829 1522 3911 scriptum

172 3934 361 4016 pervenerit,
384 3933 519 3998 salutem
542 3935 797 4017 inperpetuum.
834 3935 993 4013 Quoniam
1017 3954 1055 4000 ea
1077 3954 1140 4017 que
1162 3939 1301 4017 aguntur
1321 3937 1353 3999 in
1376 3938 1522 4018 tempore

171 4041 264 4107 simul
297 4043 448 4108 labuntur
481 4062 553 4107 cum
585 4063 736 4125 processu
769 4045 933 4127 temporis,
966 4045 1122 4110 memoria
1154 4044 1320 4108 hominum
1353 4061 1414 4124 per
1445 4063 1523 4109 con·

171 4151 389 4216 firmacionem
412 4151 640 4234 scripturarum
663 4153 833 4219 intellectui
859 4154 1101 4238 revocenturtl).
1144 4154 1298 4218 Noverint
1327 4153 1421 4234 igitur
1452 4153 1524 4218 uni·

170 4258 253 4322 versi
276 4262 341 4322 tam
363 4263 529 4340 presentes
560 4278 658 4341 quam
689 4266 816 4343 postere
843 4263 934 4351 etatis
955 4263 1051 4346 hujus
1072 4263 1174 4327 littere
1196 4263 1403 4342 inspectores,
1433 4262 1523 4343 quod

171 4385 230 4430 nos
259 4365 428 4430 conventui
452 4367 493 4431 de
515 4366 731 4432 Gravenhorst
763 4370 991 4451 proprietatem
1023 4368 1119 4433 trium
1150 4368 1324 4432 solidorum
1357 4368 1390 4430 in
1424 4367 1525 4433 domo

170 4473 296 4538 Ecberti
318 4472 359 4536 de
380 4471 527 4555 Vynnete
549 4475 589 4538 de
612 4475 735 4538 decima
757 4475 876 4541 ibidem
898 4477 1099 4540 contulimus.
1133 4474 1236 4556 Hujus
1258 4476 1303 4538 rei
1324 4477 1424 4538 testes
1448 4478 1525 4539 sunt

171 4581 284 4647 nobilis
307 4581 347 4644 de
369 4580 599 4661 Volmesstene,
634 4582 828 4647 Rembertus
851 4583 1053 4648 Camerarius
1075 4580 1182 4645 etalii
1205 4598 1302 4661 quam
1324 4581 1434 4662 plures
1456 4585 1525 4647 tam

171 4689 273 4753 clerici
294 4707 392 4771 quam
414 4688 504 4772 layci.
527 4689 562 4752 ln
586 4690 675 4772 cujus
697 4690 742 4753 rei
763 4689 981 4755 testimouium
1004 4693 1148 4754 nostrum
1166 4688 1303 4769 sigillum
1319 4691 1526 4771 presentibus

171 4799 218 4858 est
240 4814 430 4877 appensum.
456 4796 571 4859 Datum
595 4796 816 4880 Osenbrugge,
839 4817 925 4863 anno
948 4796 1073 4862 Domini
1095 4795 1343 4876 mecum,
1366 4799 1399 4862 in
1422 4799 1526 4883 vigilia

169 4900 306 4981 Crispini
329 4907 361 4966 et
384 4902 582 4984 Crispiniani.
