3210 5424
181 326 244 390 488
769 326 773 332 ’
826 341 895 397 raao

304 505 480 589 Volquinus
496 504 554 569 Dei
571 503 677 585 gracia
689 503 862 583 Mindensis
885 504 1054 588 episcopus
1076 505 1231 569 universis
1245 503 1366 570 Christi
1387 503 1531 568 fidelihus

59 693 60 696 Ἴ
179 613 381 697 presentibus
410 616 442 677 et
471 612 583 678 tuturis
609 613 745 677 salutern
776 612 808 676 in
830 611 968 678 Domino
995 611 1070 677 Jesu
1093 610 1230 678 Christo.
1276 611 1360 677 Cum
1390 611 1532 676 omnium

180 721 385 786 ecclesiarum
407 721 592 787 utilitatibus
614 719 779 784 intendere
801 720 988 798 debeamus,
1016 719 1157 783 maxime
1178 721 1288 783 tamen
1311 720 1382 801 ejus
1404 718 1534 782 ecclesie

180 847 291 909 curam
323 849 433 911 gerere
463 832 494 893 et
523 827 720 911 promocioni
750 826 894 892 insistere
925 829 1081 893 debemus
1103 829 1135 890 et
1156 826 1314 907 volumus,
1350 845 1415 910 que
1445 826 1535 891 nobis

179 938 379 1020 exigentibus
401 938 466 1001 suis
488 935 608 1001 meritis
638 936 738 1000 extitit
767 934 921 1001 hactenus
952 936 1104 1018 graciosa.
1148 935 1235 1000 Sane
1265 935 1307 1028 ad
1339 935 1534 1016 singulorum

128 1101 130 1104 ,
178 1045 329 1109 noticiam
351 1043 497 1126 cupimus
518 1043 694 1125 pervenire,
727 1043 813 1127 quod
846 1063 906 1110 nos
937 1045 978 1109 de
1008 1062 1167 1109 consensu
1190 1047 1222 1108 et
1243 1045 1409 1109 voluntate
1434 1045 1533 1109 tocius

179 1153 306 1235 capituli
334 1152 435 1217 nostri
466 1154 497 1215 et
528 1150 633 1215 divine
663 1149 878 1215 retributionis
908 1151 1022 1216 intuitu
1054 1151 1174 1216 dilectis
1205 1153 1237 1215 in
1267 1151 1394 1216 Christo
1427 1151 1535 1216 abbati

180 1264 210 1324 et
233 1261 403 1325 conventui
425 1259 608 1324 monasterii
637 1259 669 1322 in
691 1257 798 1322 Insula
820 1257 919 1322 sancti
941 1257 1081 1322 Mauricii
1103 1258 1332 1341 proprietatem
1364 1259 1535 1323 advocacie

178 1369 211 1431 in
233 1366 416 1432 Barchuseu
439 1369 524 1432 etin
547 1367 687 1432 Ratbere
710 1385 807 1450 super
836 1367 930 1431 bonis
958 1367 1072 1449 prelati
1101 1368 1285 1431 monasterii
1316 1366 1383 1431 sitis
1405 1367 1534 1445 ibidem,

179 1475 350 1541 advocacie
383 1474 512 1558 quidem
543 1475 637 1541 nobis
665 1475 824 1557 resignate
855 1493 913 1557 per
941 1477 1088 1556 patentes
1111 1474 1217 1539 literas
1239 1475 1354 1540 nobilis
1376 1474 1435 1540 viri
1459 1477 1537 1541 Ger·

52 1582 55 1588 ’
178 1585 270 1649 hardi
292 1585 415 1649 comitis
438 1585 478 1649 de
500 1583 746 1661 Scowenborch,
780 1600 878 1665 quarn
904 1577 1038 1647 anobis
1060 1583 1182 1647 dudum
1205 1584 1238 1647 in
1260 1582 1355 1648 feodo
1377 1586 1536 1661 tenuerat,

178 1692 210 1756 in
232 1692 292 1756 hiis
314 1691 437 1773 scriptis
458 1694 614 1774 perpetuo
637 1690 829 1754 conserimus
851 1693 883 1754 et
896 1689 1065 1755 donamus.
1088 1690 1124 1754 In
1143 1692 1232 1773 cujus
1255 1691 1301 1754 rei
1316 1692 1536 1756 testimonium

178 1818 311 1882 presens
333 1799 485 1881 scriptum
502 1800 699 1881 appensione
715 1797 887 1880 sigillorum
904 1801 1015 1863 nostro
1031 1800 1062 1862 et
1078 1798 1209 1863 ecclesie
1225 1802 1334 1863 nostre
1351 1798 1535 1885 duximus²)

178 1905 406 1971 roborandum.
450 1904 553 1988 Hujus
586 1906 641 1999 rei.
663 1908 761 1970 testes
792 1908 883 1969 sunt:
918 1904 1086 1970 Conradus
1117 1906 1269 1987 decanus,
1300 1905 1440 1988 Widego
1463 1927 1536 1989 pre·

179 2014 301 2096 positus
334 2014 436 2077 sancti
467 2012 602 2091 Martini,
636 2013 799 2078 Arnoldus
831 2013 1057 2090 thesaurarius,
1096 2012 1279 2079 Bernardus
1315 2015 1347 2078 et
1379 2014 1535 2079 Ludolius

179 2124 292 2186 iratres
325 2121 398 2185 dieti
432 2121 474 2184 de
505 2121 664 2203 Rosdorp,
701 2120 835 2186 Sitridus
871 2120 1006 2203 scriptor
1045 2122 1174 2203 majoris
1207 2125 1238 2186 et
1271 2122 1373 2186 saneti
1407 2122 1534 2186 Martini

179 2230 384 2294 ecclesiarum
416 2227 576 2303 eanonici;
609 2227 785 2292 Richardus
807 2227 936 2310 Vulpes,
969 2227 1125 2293 Henricus
1157 2232 1188 2292 et
1209 2228 1388 2294 Florentius
1420 2230 1534 2296 fratres

178 2337 219 2401 de
241 2334 444 2418 Dungerden,
466 2334 683 2400 Theodericus
706 2335 746 2400 de
769 2335 883 2416 Uhlen,
905 2335 1068 2401 lohannes
1091 2338 1131 2402 de
1151 2336 1344 2415 Barehusen,
1367 2336 1534 2402 lohannes

178 2443 381 2508 Camerarius
403 2447 434 2508 et
456 2443 679 2508 Hellenbertus
701 2443 825 2507 milites.
868 2443 944 2508 Otto
966 2443 1093 2527 Trepel,
1115 2445 1294 2510 Richardus
1316 2447 1349 2508 et
1369 2443 1532 2509 Jordanus

178 2551 292 2616 fratres
323 2553 396 2616 dicti
424 2551 541 2634 Vulpes
575 2550 685 2645 famuli
716 2552 749 2614 et
780 2549 832 2613 alii
863 2569 960 2631 quam
989 2551 1106 2633 plures.
1150 2551 1268 2617 Datum
1295 2551 1414 2632 Minde,
1448 2572 1533 2618 anno

179 2658 304 2723 Domini
325 2658 586 2725 M⁰CC⁰LXXX⁰.

286 2826 308 2892 1)
327 2823 390 2895 ital.
411 2821 451 2878 tie
469 2824 560 2893 rottae
579 2822 719 2878 humaret.
741 2853 773 2862 -
794 2822 816 2890 2)
836 2821 917 2893 Dela.
936 2824 1042 2879 duxias.

304 2979 365 3046 §bie
388 2978 488 3047 teitan
512 2979 618 3063 euge
640 2979 702 3058 irat
724 2998 784 3047 oon
806 2980 861 3047 ben
883 2980 1186 3065 herponentttretien
1209 2981 1384 3066 obsseioten.

179 3350 258 3419 689.
280 3389 319 3400 -
344 3350 439 3431 1280,
461 3350 598 3424 omre
619 3351 672 3422 31.

346 3483 405 3550 aot
436 3481 572 3566 heinrich
598 3501 658 3551 oon
685 3483 802 3566 borceo
835 3481 968 3567 beitt'ttgt
999 3484 1056 3550 ten
1089 3483 1221 3564 Cedant
1255 3484 1338 3552 einer
1372 3486 1471 3554 heber
1503 3489 1536 3554 in

349 3590 520 3674 &doctori
541 3589 626 3675 barri
649 3589 801 3674 aaroni
823 3608 883 3658 oon
906 3590 1019 3674 tiberii
1041 3600 1081 3658 on
1103 3592 1160 3659 bot
1182 3591 1297 3671 ittoiter
1320 3593 1440 3674 tittttet
1473 3595 1535 3663 aab

346 3699 501 3783 aberrant
521 3700 587 3766 bem
608 3697 723 3778 ittoitet
744 3700 801 3767 bot
824 3697 1107 3783 &gentiumttedt

444 3830 589 3915 Drtglnnt:
604 3830 784 3903 Cttittartblb
795 3830 910 3903 titillet.
930 3830 1029 3889 ibtud:
1043 3832 1135 3904 {etate
1147 3832 1237 3905 iteltf.
1247 3832 1330 3892 Uati.
1341 3833 1382 3889 Π
1391 3833 1444 3891 itt.
1456 3837 1535 3892 1596.

260 3994 265 4003 -
304 3951 339 4014 ln
361 3922 490 4016 nomine
512 3957 621 4016 sancte
643 3954 675 4015 et
697 3950 857 4016 individue
878 3950 1033 4015 trinitatis.
1060 3948 1228 4014 Heinricus
1250 3947 1307 4015 Dei
1328 3951 1433 4031 gratia
1457 3952 1537 4019 Cor·

179 4057 327 4142 beyensis
358 4058 460 4123 abbas
490 4060 608 4124 electus
638 4057 793 4123 universis
816 4056 932 4124 Christi
961 4056 1107 4121 fidelibus
1137 4057 1196 4121 has
1225 4061 1391 4139 presentes
1415 4058 1537 4125 litteras

179 4166 367 4249 inspecturis
400 4166 450 4230 vel
480 4168 633 4232 audituris
667 4168 699 4230 in
728 4167 873 4233 omniurn
900 4165 1058 4230 salvatore
1088 4166 1234 4230 salutem.
1277 4165 1329 4230 Ad
1356 4166 1537 4233 tollendum

179 4273 371 4338 calumniam
405 4276 437 4337 et
468 4275 647 4339 cavendum
681 4273 721 4338 de
755 4272 913 4338 oblivione
952 4277 1018 4336 tam
1051 4272 1253 4353 presentibus
1289 4290 1388 4354 quam
1422 4274 1538 4340 futuris

179 4380 327 4447 volumus
357 4383 471 4445 notum
502 4399 583 4462 esse,
617 4382 704 4465 quod
733 4399 806 4445 eum
828 4377 1030 4444 Borehardus
1053 4377 1156 4442 dictus
1177 4378 1218 4443 de
1240 4379 1374 4444 Echorst
1403 4382 1539 4448 ecclesie

179 4494 288 4555 nostre
310 4488 521 4555 ministerialis
542 4488 673 4555 domum
703 4507 801 4554 unam
824 4487 917 4552 sitam
940 4489 972 4551 in
995 4485 1068 4549 villa
1089 4485 1288 4568 Scanthorpe
1310 4488 1342 4551 in
1365 4489 1539 4570 parrochia

179 4597 352 4679 Menslage‚
386 4614 484 4679 quam
517 4596 625 4662 incolit
657 4596 770 4661 mulier
803 4595 885 4660 dicta
906 4593 1038 4672 Scoldis,
1072 4611 1170 4676 quam
1192 4594 1277 4658 idem
1299 4592 1539 4682 Bor(chardus)

180 4705 222 4769 ab
244 4705 377 4770 ecclesia
398 4707 509 4769 nostra
527 4706 599 4788 jure
621 4702 871 4770 ministerialium
894 4701 1089 4786 possidebat,
1120 4699 1258 4765 claustro
1279 4701 1397 4767 Montis
1425 4708 1539 4770 sancte

180 4811 277 4877 Mario
299 4813 331 4876 in
354 4813 434 4891 loeo,
457 4813 511 4894 qui
534 4813 645 4877 dicitur
661 4810 822 4890 ‚Borstelo,
845 4809 1038 4875 vendidisset
1054 4807 1159 4873 acilia
1175 4809 1315 4874 venditio
1335 4810 1405 4876 sine
1425 4817 1540 4880 nostro

182 4921 213 4982 et
247 4920 378 4985 ecclesie
410 4922 518 4984 nostre
551 4939 708 4985 consensu
735 4923 806 4985 rata
827 4936 958 4983 manere
980 4935 1045 4982 non
1067 4921 1176 4999 posset
1198 4937 1247 4998 eo,
1281 4919 1370 5001 quod
1402 4921 1449 4986 ad
1479 4940 1542 4987 nos
