3210 5424
744 367 809 420 12⁵1

94 523 145 592 10.
172 564 206 573 -
236 526 318 596 1251
340 527 462 611 (1250),
484 528 629 610 hebrun
651 530 681 600 b.

269 708 409 792 boethus
439 708 594 788 bennone
621 729 680 778 oon
702 708 791 790 holte
824 708 961 777 betunbet
994 710 1039 775 hic
1070 709 1124 774 mit
1153 706 1362 791 guttinnung
1396 708 1468 807 bec¹

268 817 456 900 {ictuatum
488 817 605 900 (broten
627 817 703 886 ϋηο
726 837 785 886 oon
808 817 1003 902 ceurennum
1033 817 1195 902 gettiebene
1227 815 1449 901 tterpitnbnng

266 928 317 993 ber
339 926 447 1013 tlogtei
469 926 541 994 tibet
562 927 608 995 bie
631 927 686 995 &t
709 925 953 1010 Sobonnietirdc
974 945 1014 993 on
1036 925 1110 1008 biele
1133 924 1243 1009 iliade.

365 1106 507 1179 Drigtnct:
527 1107 721 1180 &antecedite
735 1107 908 1181 (bddtbigt).
928 1107 1025 1167 oruc:
1045 1105 1291 1178 gtibrcictsstsme,
1306 1105 1448 1177 bleldtdpc

367 1193 412 1251 bct
430 1193 519 1252 &tobi
539 1194 577 1253 D.
596 1196 624 1262 Is
638 1194 688 1251 vn.
707 1195 750 1250 24.

225 1361 430 1425 Hermannus
446 1361 503 1426 Dei
525 1362 626 1443 gratia
647 1360 760 1426 nobilis
783 1360 829 1425 vir
851 1361 954 1426 dietus
976 1361 1016 1426 de
1035 1360 1128 1426 Holte
1145 1360 1293 1425 omuibus
1314 1379 1447 1443 presens

94 1469 252 1551 scriptum
283 1469 470 1552 inspecturis
500 1469 635 1533 salutem
666 1470 698 1533 in
729 1468 854 1534 Christo
876 1468 960 1537 Jesu.
1005 1469 1157 1534 Norerint
1185 1474 1252 1535 tam
1282 1472 1448 1552 presentes

93 1596 194 1660 quam
219 1577 316 1641 loturi
337 1597 469 1660 presens
491 1581 642 1660 scriptum
671 1581 839 1658 intuentes,
870 1580 956 1662 quod
986 1599 1045 1644 nos
1076 1580 1117 1645 de
1147 1598 1315 1658 consensu,
1350 1579 1448 1644 verbo

93 1691 126 1749 et
150 1685 343 1770 uoluntate)
366 1686 484 1751 domini
507 1688 605 1752 nostri
627 1686 785 1773 O(ttonis)
806 1688 928 1753 comitis
950 1688 991 1753 de
1012 1687 1225 1770 Teheneborg
1246 1687 1448 1752 advocatiam

93 1793 230 1857 ecclesie
262 1794 362 1859 sancti
391 1792 544 1859 Johaunis
567 1795 822 1878 osnaburgensis
855 1815 954 1879 quam
987 1800 1079 1878 pater
1110 1800 1219 1861 noster
1251 1800 1284 1859 et
1316 1815 1375 1860 nos
1409 1796 1450 1861 dc

94 1920 197 1964 manu
230 1901 328 1983 ipsius
361 1906 508 1966 tenemus
544 1903 576 1967 iu
605 1902 700 1968 feodo
731 1903 875 1988 ejusdem
906 1905 1036 1970 ecclesie
1065 1904 1202 1987 capitulo
1232 1924 1290 1988 pro
1319 1907 1448 1968 centum

94 2011 214 2074 marcis
241 2009 360 2074 usualis
390 2013 517 2075 monete
548 2011 756 2095 obligavimus
787 2015 848 2079 sub
879 2013 940 2080 hac
974 2014 1093 2080 forma:
1127 2014 1212 2079 Patri
1246 2017 1355 2079 nostro
1390 2033 1449 2078 nec

94 2121 191 2185 uobis
212 2139 273 2186 nec
294 2121 465 2185 heredibus
496 2122 610 2187 uostris
644 2123 782 2192 eandem
805 2123 1003 2188 advocatiam
1031 2144 1051 2188 a
1074 2123 1154 2188 lesto
1177 2122 1355 2206 epyphanie
1376 2140 1450 2203 pre·

93 2231 196 2293 sentis
230 2231 306 2293 anni
336 2249 438 2313 usque
466 2230 581 2314 elapsis
611 2234 748 2315 quatuor
777 2233 869 2297 annis
898 2233 1054 2298 redimere
1084 2231 1203 2308 licebit;
1233 2233 1449 2313 protestamur

94 2339 194 2402 etiarn
218 2357 279 2402 uos
298 2339 423 2421 J'urasse
446 2341 476 2404 in
498 2341 659 2423 presentia
676 2338 834 2405 Bruuonis
852 2340 1034 2425 episcopia)
1051 2339 1308 2420 Osnaburgensis
1327 2342 1358 2402 et
1377 2337 1449 2402 dicti

93 2445 226 2528 capituli
249 2447 423 2511 multorum
445 2447 653 2511 honestorum
672 2449 811 2513 virorum
827 2447 1013 2528 astancium,
1037 2448 1099 2513 fide
1115 2447 1335 2511 nichilominus
1352 2445 1449 2511 inter·

93 2553 203 2634 posita
231 2553 366 2632 militari,
399 2554 485 2637 quod
515 2573 574 2619 nec
603 2559 693 2638 pater
723 2560 833 2621 noster
861 2575 921 2621 nec
943 2556 1022 2621 alius
1053 2556 1183 2620 nomine
1206 2555 1255 2619 vel
1277 2555 1375 2619 verbo
1398 2555 1447 2619 vel

94 2663 288 2726 auctoritate
320 2680 379 2726 sua
410 2681 468 2727 nec
498 2682 558 2727 nus
586 2681 646 2727 nec
676 2663 788 2746 aliquis
818 2665 947 2728 nomine
976 2665 1025 2729 vel
1056 2666 1155 2729 verbo
1189 2664 1238 2729 vel
1261 2664 1448 2729 auctoritate

94 2776 208 2836 nostra
230 2790 324 2835 usum
346 2771 484 2854 aliquem
507 2770 639 2837 habebit
661 2773 709 2837 vel
728 2776 781 2858 jus
803 2774 835 2837 in
853 2773 967 2838 eadem
983 2774 1148 2839 advocatia
1165 2774 1223 2839 sibi
1239 2772 1448 2859 (vendicabit)

94 2880 208 2946 necin
225 2880 361 2966 (antea),
384 2880 487 2946 donec
509 2881 677 2964 pecuniam
692 2883 879 2947 solverimus
895 2885 1116 2948 memoratam.
1138 2882 1329 2948 Profitemur
1351 2881 1446 2945 etiam

93 3008 158 3053 nos
187 2988 219 3052 in
249 3007 289 3052 eo
318 2987 400 3052 ultro
429 2987 605 3069 specialiter
627 2989 825 3054 consensisse
848 2994 880 3054 et
901 2990 1042 3073 elegisse,
1078 2991 1104 3054 si
1126 2989 1218 3069 torte,
1251 2989 1337 3072 quod
1361 2989 1447 3053 Deus

93 3102 229 3177 avertat,
262 3097 295 3161 in
317 3098 424 3180 aliquo
456 3099 567 3163 contra
596 3099 815 3180 juramentum
842 3102 985 3163 nostrum
1018 3101 1050 3162 ct
1079 3097 1177 3162 fidem
1207 3097 1316 3162 datam
1340 3100 1446 3164 venire

94 3225 368 3289 presumeremus,
391 3206 531 3270 decanus
552 3205 675 3288 pretate
698 3204 828 3270 ecclesie
852 3204 940 3270 omni
961 3206 1128 3271 occasione
1150 3209 1182 3269 et
1200 3205 1447 3272 contradictione

95 3314 297 3380 cessantibus
325 3333 385 3379 nos
416 3312 532 3378 debeat
561 3314 838 3379 excommunicare
871 3317 903 3378 et
934 3333 994 3397 per
1023 3317 1123 3379 totam
1153 3314 1313 3398 dyocesim
1343 3314 1448 3381 Osna·

94 3425 292 3505 burgensem
323 3423 633 3488 excommunicatum
664 3422 866 3502 denunciare,
897 3422 1000 3488 donec
1031 3423 1070 3487 de
1093 3422 1234 3505 dampno
1257 3422 1332 3486 dato
1354 3423 1448 3489 satis·

95 3532 266 3596 fecerimus
296 3531 328 3594 in
350 3530 536 3615 (inlegrlum
566 3530 696 3596 ecclesie
728 3533 914 3597 memorate.
959 3531 1007 3596 Ne
1037 3529 1130 3613 igitur
1159 3550 1255 3614 super
1283 3534 1447 3596 contractu

96 3638 297 3720 obligationis
339 3638 505 3703 advocatie
545 3637 627 3703 iuter
668 3638 839 3722 capitulum
878 3643 910 3704 et
947 3658 1006 3704 uos
1037 3638 1147 3704 habito
1183 3639 1314 3704 dubium
1347 3642 1448 3723 possit

95 3747 232 3812 suboriri
255 3747 305 3811 vel
327 3747 452 3829 questio
471 3746 615 3812 suscitari
639 3747 689 3811 vel
711 3747 926 3812 controversia
943 3745 1073 3826 moveri,
1095 3750 1278 3829 presentem
1296 3749 1446 3829 paginam

95 3855 264 3919 veritatem
293 3855 339 3918 rei
369 3856 458 3936 geste
487 3857 520 3918 et
548 3854 692 3920 ordinem
723 3854 857 3919 fideliter
878 3855 1093 3921 continentem
1116 3855 1215 3938 sigillo
1237 3859 1346 3921 nostro
1370 3876 1447 3922 cou-

95 3963 268 4065 signatam⁶
286 3962 370 4028 dicto
399 3961 537 4046 capitulo
567 3963 713 4028 dedimus
743 3961 806 4048 (in)
838 3962 1054 4028 testimouium
1082 3966 1114 4027 et
1135 3962 1321 4028 munimem.
1365 3963 1447 4029 Acta

96 4074 172 4136 suut
192 4070 253 4135 bec
271 4088 358 4134 anno
373 4069 499 4134 Domini
514 4069 709 4148 M⁰c⁰c⁰L⁰;
731 4069 841 4134 Nonas
856 4068 948 4134 Febr.
971 4069 1085 4134 Testes
1102 4073 1228 4134 autem:
1251 4068 1357 4135 Bruno
1380 4070 1447 4152 epi·

96 4199 213 4262 scopus
236 4178 502 4260 osnaburgensis,
524 4178 629 4243 Beruo
651 4179 792 4244 decanus
808 4178 935 4263 (sancti)
950 4176 1114 4256 iohannis,
1136 4177 1341 4255 Thetmarus,
1365 4176 1447 4243 Her·

97 4307 245 4367 manuus,
276 4287 410 4366 Olricus,
439 4286 653 4366 Hermaunus,
687 4285 885 4371 Hyldigerus,
919 4284 1080 4364 Ernestus,
1111 4284 1302 4350 Vromoldus
1333 4288 1364 4350 et
1395 4286 1446 4351 alii

98 4395 250 4461 canonici.
296 4395 378 4459 Laici
407 4414 501 4460 vero:
535 4394 685 4460 Albertus
708 4394 748 4459 de
771 4393 958 4471 Dranthem,
993 4391 1180 4457 Herbordus
1203 4391 1350 4479 (Vulpes)
1377 4392 1445 4478 (Jo-

98 4505 235 4588 hannes)
257 4504 359 4569 dictus
382 4500 484 4580 Wale‚
506 4501 689 4567 Gerhardus
712 4501 752 4566 de
775 4500 916 4583 Angaria
938 4502 969 4564 ct
991 4499 1041 4563 alii
1065 4519 1163 4583 quam
1184 4501 1301 4583 plures.

224 4659 473 4746 &dithlitmigce
505 4659 612 4744 elego
642 4678 682 4726 on
712 4654 1024 4743 liesgenrentltreilcn,
1056 4654 1155 4736 uelde
1185 4655 1269 4739 buch
1297 4656 1342 4722 hic
1373 4658 1447 4737 lepte

101 4770 244 4855 decipite
265 4769 527 4854 binbunhgcgogen
548 4767 609 4845 inb
629 4769 689 4834 uno
706 4766 743 4846 lie
758 4765 915 4850 theitucile
930 4763 1092 4832 occbeden:
1116 4765 1179 4832 otei
1195 4765 1324 4850 ticgcrrbe
1342 4765 1446 4833 ttblcc

100 4877 186 4964 litiget
209 4879 256 4964 (2,
280 4877 314 4962 1)
336 4879 357 4960 †
378 4879 410 4943 S.
434 4876 610 4941 Hermanni
631 4875 672 4940 de
694 4873 799 4940 Holte.
