3210 5424
767 346 834 406 1259
1408 328 1469 395 155

129 508 231 575 ruditis
257 508 333 575 dicli
354 508 454 576 Ursus
484 529 504 576 a
533 531 598 596 quo
628 512 728 596 ipsam
757 513 914 578 decimam
941 512 1073 578 tenebat
1102 512 1201 578 libere
1229 511 1408 593 resignavit,
1439 513 1472 575 el

127 616 220 701 Hugo
248 619 340 685 miles
369 620 509 686 similiter
540 619 581 686 de
611 623 754 688 omnium
783 623 939 689 heredum
967 641 1099 688 suorum
1127 640 1262 687 assensu
1293 620 1327 685 iu
1356 638 1473 685 manus

126 731 252 793 nostras
275 727 432 795 decimam
451 731 621 813 resignavit
636 733 782 798 eandem.
804 732 954 798 Similiter
969 732 1115 798 Hinricus
1134 731 1235 798 dictus
1250 729 1470 808 Hardenacke‚

125 833 286 900 Elizahelh
308 855 389 903 uxor
406 856 464 903 sua
479 843 512 903 et
526 839 617 923 pueri
633 841 774 923 ipsorum
791 841 924 906 domum
941 841 973 905 in
989 840 1213 907 Hiddeshusen
1229 858 1302 905 cum
1323 838 1471 904 omnibus

122 944 247 1028 juribus
276 949 309 1011 el
338 947 509 1012 attinentiis
535 949 600 1013 suis
631 969 729 1033 quam
759 950 801 1015 de
831 951 962 1016 ecclesia
991 949 1227 1032 osnaburgensi
1256 947 1409 1013 tenebant
1438 945 1471 1011 iu

125 1070 242 1118 mauris
262 1057 388 1120 nostras
408 1055 507 1122 libere
529 1058 739 1139 resignarunt
761 1058 828 1123 Nos
850 1078 927 1124 vero
940 1063 1014 1143 post
1029 1059 1128 1123 tactas
1147 1052 1223 1121 illas
1241 1052 1471 1137 resignationes

124 1160 339 1243 predictarum
360 1161 506 1230 videlicet
526 1164 650 1231 decime
672 1170 704 1233 et
724 1166 840 1233 domus
861 1168 998 1233 eandem
1020 1167 1178 1234 decimam
1201 1168 1232 1229 el
1248 1164 1380 1229 domurn
1397 1179 1471 1226 cum

123 1271 320 1354 proprietate
352 1276 418 1338 lam
450 1271 548 1357 ipsius
579 1275 702 1341 decime
732 1294 829 1360 quam
859 1277 974 1342 domus
1006 1275 1047 1342 ad
1077 1274 1177 1339 altare
1205 1273 1292 1339 heati
1319 1268 1472 1336 iohannis

125 1381 330 1463 ewangeliste
360 1383 447 1466 quod
475 1388 523 1449 est
552 1383 583 1449 in
615 1384 746 1450 ecclesia
776 1389 885 1450 nostra
917 1387 1039 1469 majore
1071 1387 1113 1452 ad
1147 1402 1259 1466 preces
1288 1377 1473 1446 Godescalci

124 1487 314 1555 thesaurarii
344 1494 376 1556 el
405 1491 551 1576 Ricquini
581 1494 713 1559 ecclesie
741 1496 849 1558 nostre
881 1493 996 1572 vicarii,
1029 1494 1083 1577 qui
1117 1493 1220 1578 ipsam
1250 1489 1408 1557 decimam
1441 1491 1473 1552 et

124 1597 259 1663 domum
281 1598 418 1664 eandem
439 1600 482 1666 ad
503 1602 607 1684 ipsum
629 1602 728 1668 attare
747 1602 813 1667 suis
834 1606 1099 1685 comparaverunt
1121 1601 1270 1676 denariis,
1300 1597 1472 1663 donatione

123 1710 281 1789 perpetua
312 1708 512 1789 contulimus,
544 1710 589 1775 ita
620 1715 656 1775 ut
687 1711 837 1776 sacerdos
868 1711 952 1777 dicto
982 1710 1072 1775 ellari
1106 1714 1178 1794 post
1207 1710 1329 1775 obitum
1359 1704 1472 1790 prelati

124 1813 272 1898 Ricquini
305 1814 503 1882 derserviens
540 1818 662 1883 ratione
698 1819 795 1902 ipsius
828 1818 935 1884 altaris
967 1838 1006 1884 ac
1037 1819 1251 1902 predictarum
1282 1816 1405 1883 decime
1441 1816 1474 1877 et

125 1923 243 1988 domus
264 1923 308 1988 ad
329 1925 549 2009 ampliandum
572 1926 676 1991 divine
697 1926 799 1993 laudis
822 1926 978 1992 honorem
999 1931 1173 2010 perpetuus
1196 1926 1293 1991 choro
1314 1926 1474 1991 accrescat

124 2031 262 2097 viarius
292 2034 469 2099 secundum
499 2034 634 2099 aliorum
663 2035 926 2101 consuetudinem
956 2036 1144 2100 vicariorum
1170 2036 1202 2099 in
1224 2032 1353 2115 singulis
1374 2032 1472 2115 ipsius

125 2140 215 2207 chori
235 2140 416 2207 ministeriis
437 2143 603 2224 obligatus.
647 2143 716 2208 Hoc
744 2147 853 2209 lamen
882 2143 1042 2227 adjeclum
1065 2162 1135 2208 esse
1157 2141 1305 2207 nolumus
1327 2139 1474 2223 ignorari,

126 2250 215 2333 quod
236 2251 264 2314 si
285 2250 429 2316 videlicet
444 2251 561 2317 dictum
579 2251 770 2336 Ricquinum
793 2271 879 2318 nuuc
900 2253 997 2335 ipsius
1019 2253 1126 2319 altaris
1147 2251 1346 2316 sacerdotem
1369 2250 1473 2332 ipsum

124 2357 225 2423 altare
247 2377 324 2424 casu
346 2377 538 2443 quocunque
560 2360 738 2445 relinquere
760 2360 934 2442 contigerit,
963 2361 1182 2426 nichilominus
1206 2361 1273 2442 ipse
1295 2359 1474 2441 portionem

124 2485 217 2531 suam
240 2467 282 2532 de
304 2471 482 2533 memorata
512 2469 637 2533 decima
666 2471 697 2532 et
723 2469 821 2534 domo
852 2487 915 2552 quc
946 2469 1050 2551 ipsum
1078 2469 1260 2550 conlingere
1290 2466 1472 2545 dinoscitur,

126 2577 235 2660 quoad
257 2576 378 2657 vixerit,
407 2577 474 2643 sine
496 2579 702 2644 diminulione
724 2579 865 2662 qualibet
886 2577 1052 2644 annuatim
1074 2575 1214 2643 habehit.
1258 2576 1293 2640 In
1316 2575 1405 2658 quus
1427 2572 1471 2637 rei

127 2686 344 2752 testimonium
367 2689 399 2752 et
420 2686 518 2752 robur
539 2691 730 2770 perpetuum
746 2691 928 2771 presentem
945 2687 1080 2752 litteram
1099 2686 1198 2769 sigillo
1215 2689 1325 2751 nostro
1343 2685 1474 2751 fecimus

130 2795 325 2860 communiri.
368 2794 450 2860 Acta
471 2798 545 2860 suut
566 2794 627 2862 hec
649 2794 784 2860 Osenbr.
806 2815 893 2861 anno
915 2795 1040 2861 Domini
1062 2794 1328 2862 M⁰.CC⁰.L⁰.lX⁰.

256 2901 364 2986 eleget
385 2921 454 2970 curu
476 2903 777 2990 augmentaretur
800 2904 974 2990 cunctatim.

131 3200 198 3270 216.
219 3240 261 3254 -
283 3204 377 3286 1259,
401 3206 472 3290 aaa
494 3206 611 3292 hinist)

296 3338 478 3421 aunuum
491 3339 609 3425 datast
632 3339 692 3408 nub
714 3342 770 3408 tau
786 3341 974 3423 uolneraret
995 3337 1190 3417 beurtuuhen'
1211 3334 1268 3413 bah
1289 3334 1339 3401 bet
1359 3333 1474 3416 &drap

297 3447 409 3526 ruciltet
431 3447 594 3531 uottfdult
622 3451 682 3517 un
711 3450 762 3517 ber
791 3450 884 3518 uitur
910 3448 1041 3530 illicquiu
1070 3465 1110 3514 au
1141 3446 1192 3512 ber
1218 3442 1387 3526 §humlitdpc
1418 3442 1473 3509 hur

295 3556 427 3639 Remum
450 3569 509 3624 unu
530 3557 695 3642 haduide
717 3558 794 3626 debe
814 3560 848 3625 in
871 3557 981 3640 llelictt
1002 3558 1063 3624 unt
1085 3558 1133 3624 ein
1152 3555 1229 3623 etue
1250 3556 1283 3620 iu
1302 3551 1473 3638 hippurim

298 3663 453 3749 cuaetauit
484 3666 588 3749 huben,
624 3686 676 3735 nm
707 3668 801 3735 humil
834 3668 897 3735 ciue
929 3665 1104 3750 &dentum
1137 3683 1176 3732 au
1209 3665 1264 3732 hen
1296 3662 1387 3729 aum
1421 3661 1474 3728 beu

296 3773 500 3858 &conpetitor
522 3775 683 3859 {lohannes
712 3794 748 3859 ru
777 3775 902 3858 maden,
933 3776 1031 3842 intem
1061 3774 1098 3850 ire
1128 3773 1178 3856 ild
1200 3774 1246 3841 bie
1268 3770 1472 3855 itupnichung

295 3883 392 3951 bacun
422 3884 609 3969 nothehatten
639 3885 669 3966 la
700 3885 788 3971 tange
818 3887 898 3953 einer
923 3904 984 3954 can
1008 3885 1097 3969 ihneu
1119 3883 1187 3964 leuc
1220 3881 1352 3963 alienun
1375 3879 1471 3960 [eines

297 3992 403 4076 apelle
425 3993 493 4076 auch
516 3994 567 4075 illc
588 3995 643 4061 heu
665 3994 731 4080 {luit
754 3995 848 4077 taines
870 3994 1032 4063 tiudtrittu
1062 4011 1122 4060 uari
1151 3990 1243 4071 bielet
1265 3987 1473 4069 tlicctiesseltc,

296 4101 350 4168 mit
373 4101 488 4183 melda
510 4103 578 4183 cuch
601 4103 771 4187 dunttieuss
793 4104 835 4171 im
857 4104 954 4172 morae
976 4102 1145 4171 nerbunben
1168 4098 1231 4179 lein
1253 4097 1315 4179 loll.

394 4231 537 4304 Originutz
557 4233 727 4305 mamuralia.

253 4351 408 4435 Lutgerus
429 4355 619 4436 prepositus
641 4352 800 4419 Jordanus
821 4355 961 4420 decanus
983 4355 1152 4435 totumque
1173 4350 1344 4434 capilulum
1367 4347 1474 4413 Osna·

128 4460 287 4542 burgense
319 4465 430 4527 notum
462 4481 533 4526 esse
562 4462 709 4527 volumus
743 4463 890 4528 omnibus
919 4481 1052 4545 presens
1085 4461 1236 4543 scriptum
1267 4457 1473 4537 intuentibus,

130 4569 217 4651 quod
248 4568 460 4635 Godescalcus
498 4569 713 4635 thesaurarius
751 4574 783 4634 et
815 4570 990 4654 Ricquinus
1027 4570 1157 4636 ecclesie
1194 4572 1302 4634 nostre
1340 4567 1474 4632 vicarius

129 4676 286 4742 decimam
308 4678 423 4743 domus
446 4677 595 4743 Hartwici
617 4678 649 4742 in
671 4678 853 4745 Rechvelde
876 4682 907 4742 et
928 4679 1061 4743 domum
1082 4678 1114 4741 ln
1133 4675 1367 4755 Hiddeshusen‚
1390 4692 1471 4758 quas

129 4785 243 4851 ambas
273 4786 338 4850 suis
370 4789 636 4868 comparaverunt
673 4786 810 4852 denariis
848 4787 951 4851 taliter
988 4786 1029 4851 ad
1066 4784 1167 4850 altare
1203 4785 1288 4850 beati
1320 4782 1474 4849 iohannis

211 5024 214 5029 .
239 4969 260 5037 ¹)
280 4967 317 5027 Q
336 4968 418 5026 llum.
439 4982 472 5039 311
491 4968 541 5026 ltu.
561 4969 621 5024 215.
