3210 5424
739 345 808 404 taso
1385 332 1449 398 483

96 516 225 580 domine
255 514 390 580 Cristine
411 517 444 579 et
464 511 641 577 Hermanni
674 509 774 594 ipsius
802 508 934 575 ecclesie
968 510 1100 576 rectoris
1132 510 1264 576 contulit
1295 530 1334 575 eo
1364 512 1448 594 jure,

96 643 161 706 quo
183 624 271 688 bona
292 623 497 689 ecclesiarum
519 619 655 685 conferri
676 618 790 698 solent,
821 638 932 684 casam
960 637 1059 684 unam
1088 620 1120 684 in
1146 620 1220 686 villa
1241 620 1411 686 Rusrorde
1420 621 1447 706 ¹)

95 733 188 796 sitam
219 732 261 797 ad
290 732 399 796 dotem
430 728 573 813 ejusdem
605 726 737 793 ecclesie
760 729 974 811 pertinentem
997 727 1163 794 Walthero
1184 730 1269 794 dicto
1290 728 1448 809 Anchem,

95 839 221 904 Alheidi
253 839 343 904 uxori
375 858 434 903 sue
464 856 503 903 ac
534 836 665 918 singulis
696 835 869 900 heredibus
899 837 964 900 suis
992 835 1139 917 legitimis
1168 840 1235 901 tam
1258 837 1328 902 liliis
1350 856 1448 919 quam

95 946 220 1010 filiabus
250 949 284 1010 et
311 946 550 1011 successorihus
583 963 696 1009 eorum
728 943 873 1024 legitimis
906 945 1063 1026 perpetuo
1092 944 1287 1027 aprogenie
1312 945 1344 1008 in
1373 964 1448 1027 pro-

93 1056 202 1137 genies
223 1055 462 1138 possidendam,
483 1054 537 1119 tali
559 1054 683 1136 adjecta
704 1050 895 1129 conditione,
921 1050 1009 1133 quod
1030 1052 1116 1116 idem
1138 1051 1333 1132 Waltherus,
1365 1072 1448 1118 uxor

95 1182 154 1228 sua
173 1163 316 1229 Alheidis
337 1167 393 1229 aut
414 1163 551 1228 heredes
572 1178 696 1239 eorum,
719 1158 901 1241 quicunque
922 1159 1059 1223 eandem
1083 1177 1191 1224 casam
1216 1159 1371 1225 coluerint
1392 1164 1449 1226 aut

94 1271 351 1351 inhabitaverint,
374 1271 498 1336 dabunt
520 1268 633 1334 rectori
656 1265 788 1332 ecclesie
810 1265 909 1348 ipsius
930 1266 972 1330 de
994 1266 1108 1331 eadem
1130 1285 1206 1333 casa
1227 1272 1259 1333 et
1275 1269 1448 1334 attinentiis

96 1382 164 1463 ejus
189 1378 319 1462 singulis
348 1379 441 1444 annis
470 1378 503 1442 in
534 1377 585 1442 die
610 1375 696 1440 beati
717 1373 878 1439 Michaelis
907 1378 1047 1457 quatuor
1073 1376 1192 1442 solidos
1220 1377 1369 1461 legalium
1391 1379 1448 1444 de·

95 1488 267 1554 uariorum.
310 1487 344 1553 Si
377 1508 455 1553 vero
487 1485 619 1571 predicti
650 1482 833 1548 Waltherus
866 1482 983 1547 scilicet
1016 1487 1048 1548 et
1080 1484 1130 1549 sui
1161 1484 1298 1550 heredes
1330 1485 1447 1551 dictam

95 1599 283 1680 pensionem
315 1597 400 1662 dicto
431 1596 569 1660 termino
602 1596 659 1658 aut
690 1591 772 1656 intra
803 1591 885 1655 duos
917 1609 1045 1654 menses
1079 1591 1243 1675 proximos
1275 1595 1448 1675 sequentes

97 1705 173 1769 dare
195 1706 411 1787 negglexerint
433 1707 489 1769 aut
511 1700 770 1783 contempserint,
792 1699 955 1782 sepedicta
976 1717 1052 1764 casa
1071 1719 1144 1764 cum
1166 1700 1254 1765 omni
1269 1700 1448 1783 integritate

95 1830 154 1876 sua
175 1813 288 1877 rectori
310 1813 408 1895 ipsius
431 1810 561 1876 ecclesie
584 1812 616 1874 in
638 1807 775 1873 Gerethe
803 1807 929 1872 vacabit
949 1807 1048 1873 libere
1069 1809 1138 1874 sine
1159 1807 1266 1892 aliqua
1289 1809 1447 1875 heredum

94 1921 238 1984 omnium
260 1919 517 1985 contradictione.
555 1918 594 1982 Et
614 1921 651 1983 ut
670 1916 731 1982 hec
752 1915 860 1981 omnia
882 1918 950 1980 rata
972 1919 1004 1981 et
1025 1916 1203 1982 indubitata
1224 1921 1447 2000 permaneant,

95 2030 277 2109 presentem
311 2027 449 2092 litteram
482 2031 603 2106 nostro,
636 2025 813 2091 Hermanni
846 2022 985 2089 cantoris
1017 2043 1055 2089 ac
1078 2024 1201 2091 Ernesti
1234 2026 1340 2109 sigillis
1370 2045 1448 2091 con·

95 2135 251 2215 signatam
285 2135 433 2201 dedimus
470 2136 502 2200 in
535 2134 752 2200 testimonium
789 2135 1028 2217 premissorum.
1073 2135 1140 2216 Ego
1171 2135 1335 2214 Emestus,
1373 2134 1449 2216 quia

96 2243 224 2324 proprio
246 2243 345 2324 sigillo
367 2262 471 2321 careo,
494 2242 592 2324 sigillo
614 2243 712 2325 patn’s
735 2242 798 2306 mei
820 2261 898 2307 usus
920 2263 1002 2309 sum.
1033 2244 1150 2309 Actum
1173 2246 1205 2308 et
1228 2244 1338 2307 datum
1361 2260 1447 2306 anno

96 2347 220 2414 Domini
242 2349 508 2431 M⁰CC⁰LXXX⁰,
531 2351 564 2415 in
586 2352 637 2415 die
659 2350 745 2415 beati
767 2349 827 2415 Viti
849 2351 995 2415 martiris.

202 2508 223 2575 ¹)
243 2505 375 2577 titudlort,
392 2506 478 2578 §triph
499 2505 612 2577 (ittarta

93 2862 171 2931 683.
194 2901 234 2912 -
259 2863 398 2944 htutte,
422 2864 518 2945 1280,
539 2863 677 2938 ottrtet
700 2865 752 2935 14.

270 3004 386 3087 illidat
408 3005 558 3088 deothart
580 3023 640 3073 ocu
662 3004 801 3085 hittuiter
827 3004 960 3089 brittigt
982 3002 1067 3070 etum
1088 3001 1220 3086 antidea
1242 3003 1307 3069 tem
1330 3001 1448 3084 (Stoica

261 3113 440 3197 egbertus
453 3114 611 3199 hartheim
624 3114 685 3181 unt
699 3115 764 3181 tem
776 3109 1183 3195 uttritedrheuiumtapitcl
1207 3110 1449 3195 obgeldtoileueu

264 3220 469 3304 (bittettoulrh.

360 3352 490 3423 ttbldrift
519 3351 567 3409 bed
595 3355 638 3409 14.
656 3352 760 3425 &obsta
784 3353 813 3409 lu
838 3351 907 3425 illic.
927 3352 951 3419 1,
975 3353 988 3405 1
1019 3349 1058 3408 (ὅ.
1077 3351 1129 3408 297
1158 3350 1206 3408 bed
1231 3351 1446 3424 &tuutdotdtbb

360 3438 494 3510 illinita.
531 3437 631 3496 ibtud:
657 3439 771 3511 ittafctt,
789 3439 873 3497 tte&
892 3438 947 3494 VII
965 3436 1003 3495 ὦ.
1022 3438 1083 3493 441.
1112 3429 1216 3509 'itrgelt
1234 3437 1275 3494 bet
1295 3437 1447 3508 tssttmcub,
1579 3476 1582 3481 -

361 3523 453 3595 tsseltt.
472 3523 555 3583 Uati.
574 3526 617 3579 111
635 3523 686 3581 aa.
705 3526 784 3580 1108.

222 3640 288 3706 Nos
330 3641 531 3708 Everhardus
571 3643 629 3709 Dei
668 3645 769 3725 gralia
809 3643 1068 3710 Monasteriensis
1110 3641 1240 3708 ecclesie
1281 3642 1448 3727 episcopus

94 3748 244 3813 omnibus
267 3750 435 3829 presentes
457 3748 565 3814 literas
586 3749 700 3816 visuris
721 3753 754 3816 et
776 3751 929 3817 audituris
951 3754 1063 3816 notum
1086 3748 1230 3830 facimus,
1263 3751 1350 3833 quod
1372 3769 1449 3816 con·

94 3857 193 3921 stituti
226 3875 334 3920 coram
367 3855 460 3920 nobis
493 3855 607 3922 nobilis
641 3856 690 3922 vir
721 3858 879 3939 Eghertus
914 3877 1023 3924 comes
1055 3857 1097 3922 de
1128 3856 1286 3923 Benthem
1323 3877 1450 3925 necnon

94 3965 293 4029 Brunstenus
324 3964 466 4028 decanus
499 3967 531 4029 et
561 3963 735 4047 capitulum
765 3966 895 4030 ecclesie
913 3964 1172 4030 Monasteriensis
1194 3969 1449 4048 recognoverunt

94 4072 219 4154 publice
236 4090 345 4137 coram
363 4070 465 4150 nohis,
484 4071 571 4154 quod
589 4071 837 4137 concordassent
853 4072 986 4138 invicem
1002 4073 1076 4137 hinc
1096 4077 1127 4138 et
1145 4073 1219 4139 inde
1236 4074 1268 4138 in
1286 4078 1451 4156 permuta·

94 4180 219 4243 cionem
242 4180 404 4261 quandam
426 4179 586 4244 bonorum
615 4197 747 4244 suorum
770 4180 958 4260 taciendam,
981 4180 1158 4246 dummodo
1186 4184 1299 4247 noster
1322 4181 1451 4247 adesset

95 4302 281 4364 consensus,
311 4305 374 4369 que
396 4285 482 4351 bona
503 4285 635 4351 interius
656 4287 884 4370 exprimentur.
926 4287 994 4353 Sub
1026 4287 1088 4352 hac
1117 4291 1226 4354 aulem
1248 4288 1352 4354 forma
1373 4307 1450 4355 cou-

96 4389 262 4455 cordatum
285 4396 333 4457 est
355 4393 437 4457 inter
459 4412 524 4473 eos,
558 4393 646 4477 quod
676 4413 785 4459 comes
814 4395 975 4477 predictus
1004 4395 1045 4460 de
1075 4414 1235 4461 consensu
1264 4397 1372 4461 uxoris
1393 4415 1451 4462 sue

96 4495 278 4578 Hadcwigis
302 4502 333 4563 et
355 4499 510 4565 heredum
533 4519 676 4580 suorum,
692 4498 760 4583 'qui
782 4503 859 4567 tuno
879 4503 1035 4580 vixerunt,
1065 4501 1211 4567 videlicet
1232 4502 1370 4584 Otlonis,
1397 4502 1451 4568 Jo-

95 4602 222 4680 hannis,
245 4603 370 4668 Echerti
392 4607 425 4668 et
446 4605 638 4690 Heylewigis
660 4611 782 4672 curtem
804 4628 896 4674 suam
918 4609 951 4674 in
974 4609 1199 4695 Ostenhem,¹)
1220 4609 1363 4690 domum,
1387 4629 1450 4693 que

95 4711 208 4775 dicitur
229 4711 434 4796 Middehoi,²)
470 4717 502 4778 et
529 4732 638 4778 casam
669 4713 702 4779 in
728 4714 923 4802 Hollaghet)
955 4718 1049 4781 sitam
1078 4735 1176 4800 super
1203 4717 1308 4782 rivum
1336 4716 1451 4784 Crum-

94 4819 213 4906 beke⁴)
236 4822 267 4885 in
289 4817 458 4904 parrochia
479 4820 596 4885 Detten
627 4839 700 4886 cum
721 4820 914 4904 hominihus,
944 4825 1053 4907 pratis,
1084 4826 1224 4908 pascuis,
1254 4827 1450 4913 nemoribus,

94 4928 236 5010 piscariis
259 4933 289 4997 et
313 4928 381 4994 aliis
404 4929 553 4995 omnibus
571 4927 697 5012 juribus
719 4933 752 4995 et
772 4932 971 5013 pertinentiis
992 4935 1058 5001 suis
1078 4936 1111 5001 in
1133 4955 1249 5003 manus
1266 4940 1393 5003 nostras
1415 4957 1453 5004 ac

1225 5038 1285 5104 31*
