3210 5424
739 384 806 442 1252

128 529 327 617 sa-1252,
349 538 426 625 ulcr
447 543 477 612 t.

267 719 407 802 bettilicn
430 725 628 814 denegantis
651 750 709 799 oon
732 729 900 815 benedicet
921 731 1097 799 beudunbet
1119 735 1206 797 untct
1226 728 1439 814 litltscegelung

265 832 314 900 tea
335 834 469 919 illibate
492 837 629 924 (bruno)
652 858 711 907 oon
733 840 905 908 Daocbrlld
936 842 996 908 unb
1019 841 1071 907 ber
1094 839 1257 923 &tetberto
1279 837 1438 921 idernborb

264 960 320 1008 oon
350 944 401 1012 bec
422 946 525 1029 ssippc,
557 947 615 1024 tut
647 947 684 1026 icc
717 968 776 1016 oon
806 949 943 1033 berbach
972 947 1067 1026 boloe
1097 946 1190 1027 hellen
1220 945 1297 1013 brba
1327 945 1359 1012 tn
1389 946 1441 1012 bct

264 1050 454 1136 tlouctldvolt
476 1055 661 1141 [tuernborn
684 1057 734 1140 itit
757 1058 797 1122 35
820 1056 911 1124 litori
933 1055 1047 1141 gctouit
1069 1055 1151 1140 bobo.

359 1235 502 1309 Drlgiuol:
521 1237 681 1310 &bulliaco
700 1238 797 1310 lisbio
816 1241 844 1294 ln
864 1237 965 1308 libabo.
1004 1236 1149 1308 domitant:
1174 1234 1269 1306 breui
1288 1233 1342 1290 unt
1361 1233 1440 1304 golt:

359 1337 454 1390 monn,
472 1323 599 1394 blaptidre
618 1325 746 1397 bicgetteu
765 1327 788 1394 1,
806 1324 857 1381 aa.
876 1326 937 1380 271.

228 1486 414 1555 innomine
442 1495 549 1556 sancte
576 1497 606 1557 el
633 1492 799 1558 individue
823 1492 1010 1570 vanitatis
1040 1511 1141 1558 amco.
1186 1490 1257 1568 Quo
1288 1491 1440 1571 geruntur

130 1594 301 1677 intempore
331 1616 372 1661 ne
401 1597 549 1663 labantur
579 1619 650 1664 cum
682 1600 773 1683 lapsu
802 1601 963 1682 temporis,
993 1600 1097 1665 solent
1128 1600 1236 1680 lingua
1257 1597 1384 1663 testium
1409 1600 1441 1661 et

128 1702 251 1783 scripture
271 1707 426 1772 memon'a
446 1707 648 1790 pevhennari.
692 1710 870 1792 Cognoscat
900 1709 993 1791 igitur
1021 1712 1088 1773 tam
1115 1708 1312 1790 presentium
1342 1725 1439 1788 quam

128 1808 270 1875 futurorum
304 1814 459 1892 discretio,
500 1817 586 1898 quod
617 1817 823 1900 Cunegundis
856 1818 1019 1882 abbatissa
1052 1817 1083 1881 ln
1115 1814 1333 1880 Herssebroke
1367 1832 1438 1878 cum

128 1921 256 1984 communi
278 1940 436 1986 consensu
459 1925 602 2006 ejusdem
625 1927 800 1989 conventus
832 1925 914 1989 datis
936 1923 1088 2004 tringinta
1109 1926 1140 1986 et
1162 1921 1304 2004 quinque
1327 1921 1440 1986 mareis

127 2022 258 2094 Gerbardo
288 2030 342 2112 qui
372 2030 483 2094 dicitur
506 2030 609 2096 Holde
639 2033 770 2097 domum
798 2032 895 2114 ipsius
923 2033 954 2096 in
982 2033 1054 2097 villa
1082 2030 1296 2109 Queneborne
1326 2048 1440 2111 supra-

128 2131 188 2197 dicte
206 2137 327 2202 ecclesie
350 2141 556 2224 oomparavit.
600 2140 705 2218 Quam
728 2141 812 2206 idem
834 2140 1017 2206 Gevbardus
1045 2159 1118 2206 curn
1146 2137 1273 2223 pascuis
1296 2141 1327 2202 et
1347 2139 1441 2222 aquis

128 2245 152 2305 el
167 2247 233 2326 agris
253 2252 284 2312 et
305 2249 393 2313 omui
421 2251 493 2334 jure
524 2254 555 2314 et
585 2270 645 2314 usu
675 2270 739 2333 quo
770 2251 798 2314 ei
820 2249 1023 2332 competebat
1044 2268 1116 2313 cum
1141 2267 1239 2312 uxore
1263 2251 1295 2311 ot
1317 2246 1387 2311 filiis
1409 2252 1441 2312 et

127 2349 221 2418 filiabus
247 2357 278 2421 in
307 2377 423 2423 manus
450 2358 600 2441 jamdicte
631 2357 792 2422 abbatisse
822 2360 855 2421 et
885 2359 953 2439 ejus
983 2360 1158 2421 conventus
1188 2355 1360 2437 resignavit
1391 2356 1439 2418 in·

128 2466 283 2542 perpetuum
315 2464 414 2530 libere
443 2470 475 2530 el
506 2486 616 2531 secure
642 2465 869 2549 possidendam
898 2469 931 2530 et
960 2483 1069 2529 earum
1093 2466 1163 2529 usui
1186 2467 1342 2546 perpetuo
1364 2483 1438 2547 pro·

127 2564 243 2639 suumn.
287 2573 386 2657 Cujus
414 2579 521 2640 tamen
552 2575 667 2639 domus
698 2574 827 2639 donatio
858 2575 899 2639 ad
933 2576 1034 2658 ipsam
1068 2574 1229 2655 contingit.
1272 2573 1366 2638 Unde
1397 2593 1438 2637 ne

127 2672 180 2741 huic
196 2678 271 2746 iacto
302 2681 409 2765 aliqua
439 2683 470 2746 in
501 2686 664 2765 posterum
694 2683 828 2748 suboriri
860 2683 960 2766 possit
985 2681 1167 2765 calumpnia
1189 2685 1283 2746 elne
1305 2680 1438 2763 aliouJus

126 2781 298 2854 diuturnitate
313 2792 466 2874 temporis
482 2796 660 2871 evanescat,
682 2791 813 2857 adhibiti
829 2796 903 2856 sunt
918 2793 994 2857 boni
1011 2796 1042 2857 et
1058 2792 1182 2857 discreti
1204 2792 1259 2855 viri
1279 2791 1435 2855 videlicet:

127 2888 246 2960 Olbertus
275 2902 351 2962 tunc
380 2899 533 2983 temporis
562 2901 746 2978 advocatus,
778 2899 940 2965 lohannes
970 2901 1010 2964 de
1040 2901 1151 2983 Lippia
1182 2905 1256 2965 tunc
1286 2898 1439 2982 temporis

127 2997 229 3084 dapifer,
255 3006 459 3072 Hermannus
486 3008 583 3072 irater
604 3027 690 3087 suus,
722 3008 853 3073 Silridus
876 3009 916 3073 de
938 3008 1043 3087 Huffe,
1073 3007 1267 3073 Ansbelmus
1289 3009 1330 3072 de
1352 3006 1439 3072 Ude-

126 3104 268 3194 liucbusen,
299 3114 438 3194 Rusche,
465 3116 671 3181 Heidenricus
699 3117 739 3180 de
761 3117 817 3192 Lo,
845 3116 1034 3180 Godeiridus
1065 3117 1105 3181 de
1133 3115 1277 3182 Claholte
1307 3116 1437 3195 milites;

128 3211 255 3286 Helmicus
277 3223 318 3288 de
340 3223 432 3300 Lare,
457 3224 649 3289 Ansbelmus
673 3224 803 3304 Parvus,
826 3225 1030 3290 Hermannus
1052 3224 1179 3306 Pinguis
1202 3229 1233 3288 et
1256 3226 1438 3290 communio

127 3327 240 3395 omnium
268 3335 466 3398 attinentium
498 3333 629 3398 ecclesie
654 3334 843 3415 supradicte.
887 3334 1020 3415 Insuper
1049 3337 1084 3398 ut
1107 3334 1209 3416 major
1230 3334 1357 3398 cautela
1378 3334 1439 3398 ad·

127 3426 251 3518 libentur,
280 3460 423 3524 appense
454 3446 528 3506 sunt
554 3443 648 3506 trium
671 3441 885 3523 inpressiones
909 3440 1097 3522 sigillorum:
1132 3440 1275 3505 videlicet
1303 3440 1439 3524 sigillum

128 3547 282 3614 venerabilis
311 3550 409 3633 patris
443 3552 540 3615 nostri
562 3548 816 3630 0snaburgensis
844 3551 982 3633 episcopi
1012 3552 1044 3614 et
1075 3550 1209 3631 sigillum
1240 3551 1353 3615 nobilis
1383 3550 1439 3614 viri

126 3641 270 3722 Bembardi
292 3658 332 3722 de
354 3657 466 3740 Lippia
488 3661 518 3721 et
540 3657 676 3740 sigillum
698 3658 841 3740 ejusdem
863 3658 1034 3723 abbatisse.
1073 3657 1153 3723 Acta
1175 3662 1248 3723 sunt
1270 3657 1329 3723 bec
1351 3677 1439 3724 anno

126 3748 257 3831 DOltliuiee
285 3766 510 3832 incarnationis
540 3766 705 3831 millesimo
736 3766 954 3832 ducentesimo
986 3766 1251 3850 quinquagesimo
1280 3768 1439 3844 secundm

124 3859 200 3933 tercio
217 3873 323 3941 Nonas
344 3873 446 3940 ΜΑΙΙ.
898 3883 902 3888 ’

223 4031 270 4097 tto
292 4030 590 4115 bergonontitreilcn
615 4032 648 4112 l)
669 4033 725 4099 boa
747 4030 1023 4115 bttdoiategel
1045 4030 1174 4099 tiranno
1197 4030 1312 4118 (illoti.
1327 4029 1436 4115 &leget

122 4119 163 4203 51,
180 4133 218 4218 6),
248 4140 282 4224 2)
305 4141 360 4207 toa
383 4139 571 4224 §liciterirepet
598 4140 774 4225 iteraturus
803 4161 830 4208 o.
855 4142 882 4207 b.
905 4142 996 4223 uippe
1027 4140 1146 4226 (breui
1174 4141 1235 4207 nub
1258 4139 1435 4224 novimen,

123 4227 196 4318 iulg
218 4247 260 4334 6),
289 4249 325 4333 3)
354 4250 410 4315 boa
444 4248 686 4333 monbettdrnrtpe
718 4249 826 4335 &teget
858 4250 909 4316 bet
939 4248 1098 4328 tirhtiiicn:
1132 4248 1284 4333 getbeiltca
1318 4248 1438 4334 auca

122 4336 179 4426 llll,
202 4354 267 4424 oben
289 4357 443 4437 bolibut
467 4359 517 4427 tet
539 4358 659 4426 iltuttn
682 4360 790 4427 (dotted
812 4359 867 4425 mit
888 4359 953 4425 bem
975 4357 1082 4438 ttinbe,
1114 4362 1206 4424 unten
1238 4356 1284 4424 bie
1306 4355 1439 4425 tnieenbe

123 4449 289 4552 bettiltnG)
311 4468 366 4533 urit
389 4467 498 4551 boine
520 4468 581 4534 unb
597 4466 793 4550 tiddanpicl,
814 4486 869 4536 out
891 4467 938 4551 ibt
960 4468 1023 4533 cine
1045 4466 1133 4533 ticine
1150 4465 1260 4551 &tgna
1282 4465 1438 4549 Umirbritt

124 4564 198 4635 lino:
217 4576 246 4644 S.
267 4577 430 4643 abbatisse
451 4580 483 4642 in
506 4578 734 4643 Herssebroke.
