3210 5424
742 381 810 439 lare
1390 363 1454 430 467

102 544 195 610 tinuit
217 541 357 623 ecclesie,
385 562 458 609 cum
481 545 631 610 omnibus
653 545 877 611 emolumentis
909 547 973 611 suis
1003 547 1035 610 et
1062 544 1186 628 juribus
1209 544 1403 609 monasterio
1425 545 1456 610 in

101 653 221 718 Osethe
243 653 435 717 contulimus
464 656 497 716 et
527 673 585 735 per
606 673 740 736 presens
762 656 915 737 scriptum
937 653 1129 717 conferimus
1149 655 1221 735 jure
1243 653 1452 736 proprietario

101 763 257 843 perpetuo
279 761 517 843 possidendam,
547 761 736 842 recipientes
766 780 940 826 econverso
967 778 986 823 a
1008 760 1139 825 domino
1160 759 1348 825 Bernhardo
1370 761 1455 826 dieto

101 869 142 932 de
164 866 311 931 Gesmele
340 867 383 931 ad
410 887 488 932 usus
519 869 616 950 ipsius
648 867 779 932 ecclesie
808 873 917 933 nostre
946 868 1080 932 domum
1106 868 1139 931 in
1161 866 1357 933 Osterborne
1380 887 1453 934 cum

101 976 305 1058 proprietate,
339 994 437 1057 quam
471 978 567 1040 antea
597 976 630 1038 in
662 994 701 1041 ea
732 976 884 1054 habebat,
918 978 949 1039 et
982 975 1130 1040 omnibus
1162 977 1227 1040 suis
1258 977 1454 1058 pertinentiis

98 1084 184 1165 justo
207 1083 450 1164 permutationis
472 1082 562 1145 titulo
584 1083 615 1146 in
638 1084 859 1147 concambium
883 1102 941 1165 pro
964 1083 1088 1159 eadem,
1116 1085 1159 1148 ita
1181 1085 1333 1163 videlieet,
1365 1086 1453 1167 quod

102 1190 169 1272 ipse
191 1190 397 1255 Bernhardus
420 1193 451 1253 et
474 1191 542 1271 ejus
565 1208 764 1255 successores
793 1190 897 1272 ipsam
924 1191 1057 1255 domum
1085 1210 1104 1255 a
1127 1191 1219 1254 nobis
1241 1195 1314 1256 eta
1336 1192 1453 1256 nostris

101 1298 338 1363 successoribus
360 1298 391 1360 in
414 1300 569 1379 perpetuo
591 1297 719 1378 pheodo
741 1296 932 1364 retinebunt.
976 1299 1011 1363 In
1043 1301 1132 1382 cujus
1160 1300 1206 1363 rei
1236 1299 1453 1364 testimonium

101 1405 218 1488 scripto
236 1405 377 1489 presenti
391 1423 489 1486 super
504 1404 565 1469 hoc
581 1405 723 1469 contecto
740 1408 885 1469 nostrum
898 1405 1032 1487 sigillum
1051 1407 1199 1471 duximus
1212 1407 1453 1489 apponendum.

100 1512 218 1577 Datum
241 1513 460 1594 Osenbrugge,
483 1531 569 1577 anno
591 1512 717 1577 Domini
739 1512 913 1578 MCCLXX
934 1533 1031 1594 nono,
1054 1513 1097 1576 V⁰
1120 1514 1280 1579 Kalendas
1302 1513 1383 1582 iulii.

101 1788 176 1855 659.
198 1827 241 1838 -
263 1789 360 1871 1279,
383 1789 501 1874 bugat
522 1789 553 1859 7.

267 1920 350 2002 thret
371 1920 447 1988 Otto
469 1939 528 1988 non
551 1920 746 2005 &adtentum
770 1921 923 2006 tibertrdgt
945 1922 1010 1989 bem
1032 1920 1146 2000 tttotter
1169 1921 1373 2005 &fenerabunt
1394 1922 1453 1990 bos

269 2029 347 2097 terte
364 2029 572 2113 &duefiugen
594 2030 636 2096 tm
651 2028 809 2113 ttttrbipiel
824 2030 968 2114 meppea,
990 2030 1125 2113 nahtam
1142 2029 1189 2096 bie
1203 2047 1263 2096 uon
1279 2030 1340 2112 itm
1358 2029 1453 2097 bonit

268 2137 418 2220 betetuten
440 2137 528 2221 hugo
551 2155 609 2204 unu
632 2136 734 2215 butue
756 2137 817 2204 uub
840 2137 933 2219 better
956 2138 1065 2220 &ttae
1087 2137 1210 2204 donant
1232 2137 1293 2203 unt
1316 2137 1449 2219 thietrich

268 2245 378 2327 hornut
400 2245 530 2328 aeratos
552 2245 676 2329 getctitet
698 2244 801 2328 buben.

364 2367 510 2439 Ortgtnot:
531 2368 726 2441 &antecrevit
745 2368 879 2440 hlttrnlter.

223 2486 291 2551 Nos
310 2486 385 2551 Otto
407 2506 516 2551 comes
539 2487 579 2551 de
595 2486 827 2552 Tekeneborch
851 2485 999 2551 omnihus
1021 2485 1052 2549 ln
1075 2488 1266 2568 perpetuum
1289 2485 1450 2565 presentia

98 2593 210 2657 visuris
232 2597 345 2658 notum
368 2595 500 2659 tacimus
522 2596 647 2678 publice
666 2595 886 2678 protestando,
909 2593 997 2676 quod
1012 2597 1218 2676 comparente
1233 2612 1342 2658 coram
1357 2593 1450 2658 uobis

98 2699 233 2782 Hugone
256 2702 296 2766 de
320 2701 428 2768 Horne
450 2703 547 2767 milite
569 2704 601 2768 in
626 2703 767 2785 quadam
793 2701 963 2766 venatione
984 2701 1071 2783 apud
1093 2700 1215 2782 Telget,
1248 2700 1450 2783 presentibus

97 2807 264 2873 Wolthero
294 2813 325 2873 et
355 2809 541 2875 Hermanno
572 2811 722 2875 tratribus
753 2811 794 2875 de
816 2809 1008 2891 Bunstorpe,
1041 2808 1217 2873 Giselberto
1240 2809 1280 2873 de
1302 2808 1449 2889 Scolden,

97 2914 243 2980 Johunne
266 2919 306 2981 de
324 2918 385 2980 Ves
406 2918 565 2996 militibus,
588 2918 753 2983 Gerhardo
775 2918 816 2982 de
832 2916 1010 2981 Holthusen
1028 2920 1060 2981 et
1075 2915 1247 2980 Godeirido
1263 2916 1304 2980 de
1318 2916 1450 2998 Repen-

96 3021 185 3087 horst
215 3024 351 3103 famulis,
385 3027 611 3108 proprietatem
645 3026 761 3090 domus
794 3026 877 3090 dicte
910 3023 1090 3106 Svevingen
1123 3025 1182 3087 site
1215 3022 1247 3086 in
1283 3024 1450 3107 parrochia

96 3129 247 3213 hteppen,
281 3150 378 3213 quam
413 3133 541 3214 quidem
573 3134 705 3198 domum
735 3152 756 3197 a
784 3133 876 3197 nobis
906 3131 938 3196 in
969 3132 1064 3197 feodo
1094 3132 1204 3209 tenuit,
1237 3131 1321 3195 idem
1354 3130 1448 3213 Hugo

97 3238 189 3302 nobis
211 3240 310 3304 libere
332 3242 510 3321 resignavit,
544 3242 631 3322 quod
662 3241 805 3306 similiter
831 3241 948 3305 ibidem
972 3239 1140 3305 Conradus
1162 3238 1244 3302 filius
1266 3256 1343 3301 suus
1366 3237 1447 3303 tecit.

96 3346 249 3428 Sequenti
283 3350 390 3412 autem
424 3348 476 3412 die
508 3349 653 3431 proxima
687 3347 771 3413 idern
808 3347 976 3412 Conradus
1014 3347 1046 3410 in
1080 3348 1184 3411 castro
1216 3344 1448 3409 Tekeneborch

96 3454 209 3517 iterato
239 3474 304 3519 una
333 3475 406 3519 cum
428 3454 597 3520 Thiderico
630 3455 726 3521 tratre
757 3473 816 3519 suo
847 3458 879 3518 et
908 3454 1040 3519 domina
1061 3452 1200 3516 Elizabet
1229 3470 1329 3517 uxore
1350 3451 1449 3534 ipsius

97 3561 284 3647 Th(iderici)
316 3563 408 3627 nobis
436 3564 535 3628 libere
557 3583 595 3629 ac
617 3564 793 3629 voluntarie
822 3563 904 3627 dicte
926 3562 1042 3626 domus
1063 3559 1291 3643 proprietatem
1313 3560 1345 3624 ln
1368 3560 1450 3624 mul·

96 3672 203 3733 torum
224 3672 400 3752 proborum
423 3672 584 3752 presentia
599 3670 779 3753 resignavit.
802 3670 933 3752 Nosque
949 3671 1023 3751 post
1037 3667 1171 3731 liberam
1187 3669 1219 3731 et
1235 3665 1448 3731 voluntariam

95 3777 342 3858 resignationem
373 3778 514 3858 ipsorum
544 3777 585 3841 de
613 3778 709 3861 pleno
730 3779 837 3842 uxoris
859 3779 968 3842 nostre
991 3777 1121 3841 domine
1142 3773 1309 3840 Richardis
1330 3792 1368 3837 ac
1389 3774 1447 3838 he·

95 3884 208 3948 redum
241 3889 424 3949 nostrorum
456 3882 583 3949 Ottonis
613 3887 644 3949 et
673 3884 853 3967 Engetberti
885 3902 1043 3949 consensu
1075 3882 1117 3946 ad
1149 3882 1304 3946 honorem
1333 3879 1390 3944 Dei
1416 3883 1448 3944 et

95 3992 231 4072 gloriose
247 3993 357 4056 matris
374 4010 431 4055 sue
448 3991 479 4055 in
496 3991 715 4056 remissionem
732 3995 936 4075 peccatorum
959 3992 1142 4055 nostrorum
1161 3991 1192 4053 et
1208 3989 1445 4071 progenitorum

96 4100 277 4162 nostrorum
306 4098 481 4182 predictam
513 4099 644 4163 domum
675 4117 748 4162 curn
780 4099 928 4163 omnibus
957 4095 1130 4162 attinentiis
1157 4096 1223 4159 suis
1251 4095 1446 4160 monasterio

95 4205 319 4283 gloriosissime
350 4206 477 4289 virginis
498 4205 596 4270 Marie
624 4205 656 4269 in
678 4204 895 4269 Gravenhorst
926 4205 1096 4269 liberaliter
1125 4202 1317 4268 contulimus
1350 4206 1382 4266 et
1413 4202 1445 4267 in

95 4308 154 4372 hiis
177 4312 298 4393 scriptis
321 4314 512 4378 conterimus
538 4314 696 4396 perpetuo
726 4312 964 4395 possidendam,
996 4312 1092 4376 nichil
1122 4311 1253 4376 omnino
1280 4310 1359 4392 juris
1388 4328 1446 4375 seu

94 4418 299 4497 impetitionis
321 4422 353 4483 in
375 4421 598 4504 prenominata
620 4420 717 4484 domo
738 4421 832 4485 nobis
853 4420 904 4484 vel
920 4420 1036 4486 nostris
1049 4419 1220 4484 heredibus
1235 4420 1445 4483 reservantes.

94 4523 142 4587 Ne
164 4523 258 4604 igitur
278 4529 345 4589 tam
368 4533 477 4594 nostra
499 4527 630 4593 donatio
650 4544 748 4609 quam
765 4527 889 4592 illorum
909 4527 1079 4610 resignatio
1096 4526 1228 4608 alicujus
1245 4524 1446 4607 malignantis

94 4629 277 4711 calumpnia
295 4632 400 4696 valeat
418 4633 581 4712 infirmari,
603 4637 788 4716 presentem
804 4635 942 4700 litteram
962 4638 1073 4699 nostro
1094 4633 1194 4715 sigillo
1207 4632 1339 4696 fecimus
1356 4651 1444 4697 com-

95 4736 218 4801 muniri.
245 4736 360 4799 Actum
382 4739 415 4801 in
436 4737 679 4818 Tekeneborch,
700 4741 902 4822 presentibus
923 4741 1070 4807 iohanne
1092 4745 1215 4806 rectore
1237 4738 1358 4821 capelle
1380 4737 1444 4804 Te·

92 4844 383 4931 hameburgensis),
413 4845 563 4911 Bertoldo
584 4848 710 4912 rectore
730 4846 862 4914 ecclesie
883 4850 916 4914 in
936 4848 1120 4915 Risenbeke
1143 4851 1175 4914 et
1196 4846 1317 4912 Ottone
1338 4866 1445 4914 sacar·

92 4951 233 5030 dotibus;
256 4951 407 5020 Goswino
423 4956 456 5020 et
469 4953 658 5021 Hermanno
679 4953 830 5021 tratribus
851 4955 942 5024 dietis
958 4956 1114 5040 Keselinc,
1136 4955 1303 5121 Gossffiw
1321 4954 1443 5038 Budde,
