3210 5424
184 313 246 379 386
825 326 893 383 lare

183 495 215 556 et
247 494 460 573 acceptamus.
504 491 547 554 Ut
579 495 686 555 autem
721 510 818 573 super
849 491 908 555 hiis
939 491 1088 557 omnibus
1116 489 1402 573 calumpniantium
1433 489 1535 554 lomes

181 601 308 682 penitus
331 599 532 663 obmutescat
555 598 586 662 in
609 601 784 680 posterum,
818 618 860 662 ne
890 602 1001 663 contra
1028 617 1065 663 ea
1088 599 1208 681 aliquid
1230 600 1455 682 supersticiose
1477 598 1535 661 ad·

181 708 364 772 inventione
396 706 636 788 malignantium
669 710 883 787 presumatur,
916 710 1099 788 presentem
1132 708 1291 789 paginam,
1329 726 1394 789 que
1430 707 1534 788 ipsam

181 835 249 881 rem
272 819 395 896 gestam
419 814 607 878 immutabili
629 815 761 878 veritate
782 817 939 896 perpetuo
961 815 1169 889 demonstret,
1195 814 1285 896 sigilli
1306 815 1406 879 nostri
1429 814 1537 877 muni-

181 924 266 988 mine
300 923 449 987 duximus
482 922 709 986 roborandam.
754 920 858 1004 Hujus
889 922 935 985 rei
967 925 1067 985 testes
1099 924 1191 984 sunt:
1225 921 1423 1000 Altrimmus,
1458 921 1537 986 Hel-

179 1032 316 1107 moldus,
348 1030 516 1095 Conradus
539 1029 656 1108 Uncus,
689 1030 893 1096 Everhardus
915 1031 955 1095 de
979 1030 1085 1108 Horst,
1117 1030 1287 1107 Jordanus,
1321 1029 1471 1095 Hinricus
1494 1032 1538 1094 de

179 1141 299 1219 Monte,
331 1139 494 1203 lohannes
523 1139 564 1202 de
594 1138 666 1217 Ves,
699 1138 793 1220 Hugo
824 1140 866 1202 de
892 1138 1076 1216 Goltlreren,
1109 1138 1275 1203 Rolandus
1304 1137 1538 1215 thesaurarius,

179 1248 345 1312 Wezcelus
363 1249 403 1311 de
421 1247 575 1325 Stadben,
598 1246 761 1312 Amuldus
777 1247 971 1324 scolasticus,
987 1245 1105 1323 Bruno,
1127 1245 1331 1310 Alebrandus
1346 1246 1388 1309 de
1405 1245 1538 1322 Merica,

177 1356 382 1420 Everhardus
405 1354 445 1419 de
467 1354 708 1432 Volmezstiene,
731 1353 888 1419 Rodolfus
910 1353 952 1417 de
979 1353 1088 1431 Rusle,
1116 1353 1296 1435 prepositus
1319 1354 1539 1438 Lodwieus,²)

178 1463 377 1527 Wernherus
400 1463 441 1527 de
463 1461 647 1537 Tremonia,
670 1461 825 1525 Ludierus
847 1460 888 1524 de
909 1459 1155 1541 Bissendborpe,
1179 1459 1385 1524 Hermauuus
1408 1466 1540 1539 cantor,

177 1570 290 1636 iratres
313 1571 354 1635 de
376 1570 513 1652 capitulo
536 1573 656 1633 nostro.
680 1568 797 1634 Datum
818 1568 1036 1648 Osnabrucge,
1059 1584 1147 1631 anno
1163 1567 1288 1633 Domini
1303 1567 1542 1633 M⁰CC⁰LXX⁰

179 1680 300 1761 quinto,
324 1681 439 1760 quartu
462 1677 550 1742 Ydus
571 1675 684 1740 Martii.

284 1860 305 1924 ¹)
325 1858 401 1924 doct,
418 1856 464 1913 ar.
484 1856 588 1927 Strato.
608 1887 640 1895 -
661 1855 812 1927 ¹)5311bmtg
832 1861 886 1912 bon
906 1854 1096 1927 fflnbenssberg,
1114 1856 1212 1929 litent
1232 1863 1285 1913 bon
1305 1857 1355 1915 et.
1375 1857 1513 1928 &obunca

304 2023 412 2106 erepet
435 2023 487 2089 tea
509 2022 647 2103 aeonae
669 2041 710 2088 an
733 2023 927 2107 etiamtiam
951 2023 1168 2104 &cluentium

173 2373 248 2440 557.
269 2410 312 2421 -
333 2371 524 2452 obstitit,
547 2371 632 2443 1276
655 2371 777 2456 (1275),
799 2372 896 2457 illita
918 2373 970 2443 21.

340 2507 406 2573 ibet
428 2504 568 2586 erutbttc
590 2503 707 2586 titldol
729 2503 851 2571 doureh
874 2524 933 2572 oon
955 2505 1128 2573 Danotrtct
1154 2507 1302 2585 betnntct,
1335 2507 1395 2587 ton
1430 2526 1464 2575 et
1494 2528 1540 2576 on

342 2613 440 2678 &telle
466 2612 516 2677 bet
539 2611 698 2690 trauaida
720 2610 831 2693 ditabo,
864 2612 964 2695 melche
993 2614 1059 2680 hcm
1090 2615 1313 2695 auotcnbtt'utct
1336 2616 1463 2697 Ropitct
1487 2621 1540 2685 in:

341 2719 487 2801 torporttt
511 2720 555 2799 il,
577 2720 641 2786 hen
664 2719 854 2802 monitante
875 2721 921 2787 bie
941 2722 1041 2801 ttttcbc
1062 2741 1097 2804 gu
1114 2723 1190 2790 itaer
1211 2727 1266 2791 mit
1288 2724 1369 2807 ittet
1390 2726 1538 2809 zechur:

340 2828 425 2908 ttrbe
448 2827 602 2909 (blortbotl
624 2828 673 2894 ota
696 2828 877 2911 loqcttonnte
900 2828 1091 2910 „deploret”
1115 2831 1292 2912 ttbermielcn
1314 2834 1375 2916 bot.

439 2959 585 3030 Dttpinot:
605 2958 776 3029 memoratu.
814 2958 910 3016 titud:
930 2958 1147 3033 iltitttpeitungcn
1166 2964 1193 3016 II
1212 2962 1249 3020 Θ.
1268 2964 1330 3018 253.

301 3079 468 3143 Conradus
484 3078 687 3142 miseratione
706 3077 812 3141 divina
829 3077 1085 3159 osnaburgensis
1108 3079 1239 3144 ecclesie
1261 3081 1381 3144 electus
1405 3083 1537 3149 dilectis

172 3189 203 3253 in
238 3187 395 3253 Christo.
421 3239 427 3253 .
451 3184 623 3268 preposito,
656 3184 778 3249 decano
813 3184 935 3267 totique
967 3186 1105 3268 capitulo
1139 3188 1267 3270 majoris
1301 3188 1436 3253 ecclesie
1471 3211 1535 3256 sue

171 3315 279 3360 veram
315 3300 346 3358 et
376 3294 604 3376 sempiternam
635 3295 667 3356 in
689 3293 825 3357 Domino
853 3292 999 3358 salutern.
1043 3294 1150 3358 Monet
1183 3315 1242 3361 uos
1275 3295 1417 3361 officium
1453 3318 1534 3363 cure

169 3404 348 3486 pastoralis,
383 3404 432 3468 cui
461 3402 519 3466 elsi
548 3402 696 3465 immeriti
725 3401 925 3483 providentia
953 3404 1061 3466 tamen
1092 3403 1281 3485 disponente
1313 3405 1422 3471 divina
1454 3428 1534 3490 pre·

170 3511 323 3588 sidemus,
345 3515 382 3575 ut
404 3511 516 3574 vestris
540 3509 822 3591 indempnitatibus
844 3513 1010 3592 tamquam
1035 3512 1144 3575 matris
1167 3511 1301 3576 aliarum
1317 3513 1532 3581 ecclesiarum

170 3618 262 3683 nobis
285 3619 501 3701 subjectarum
524 3618 695 3682 studiosius
718 3622 873 3700 quantum
898 3639 968 3683 curn
993 3619 1060 3684 Deo
1091 3640 1263 3701 possumus
1290 3625 1322 3685 et
1353 3622 1533 3690 honestate

169 3743 350 3790 caveamus.
396 3724 476 3790 Cum
500 3725 593 3807 igitur
615 3726 780 3807 collegium
809 3727 1032 3792 canonicorum
1064 3727 1195 3793 ecclesie
1217 3728 1533 3813 Qualrenburgensis

169 3852 266 3915 super
296 3832 357 3897 hoc
386 3834 473 3915 prius
504 3833 600 3914 pleno
630 3835 663 3896 el
684 3834 825 3897 unanimi
848 3838 955 3900 vestro
977 3836 1086 3902 habito
1110 3857 1267 3903 consensu
1290 3839 1331 3902 ad
1355 3839 1530 3906 ecclesiam

168 3939 400 4022 parrochialem
418 3925 612 4004 Bramescbe
634 3940 818 4005 duxerimus
841 3943 1108 4021 transferendum,
1133 3965 1195 4027 que
1217 3946 1329 4010 vestris
1349 3949 1531 4029 prebendis

168 4048 210 4113 ab
233 4049 364 4130 antiquo
387 4065 460 4111 cum
491 4048 559 4128 ejus
588 4047 652 4111 filia
675 4047 819 4113 videlicet
842 4050 973 4115 ecclesia
995 4053 1026 4115 in
1049 4053 1205 4135 Engetere
1228 4053 1286 4118 luit
1307 4073 1448 4134 annexa,
1484 4063 1531 4124 ita

168 4159 203 4220 ut
224 4157 278 4219 uni
300 4155 525 4220 canonicorum
549 4154 676 4236 capituli
699 4157 793 4220 vestri
816 4157 858 4221 ab
881 4159 1041 4242 episcopo,
1076 4161 1128 4242 qui
1162 4181 1220 4243 pro
1251 4165 1397 4244 tempore
1430 4173 1529 4245 esset,

168 4282 240 4330 cum
264 4267 391 4328 vacaret
414 4262 611 4327 conterretur
633 4265 664 4326 et
687 4264 729 4329 ub
751 4264 812 4328 hoc
835 4266 1009 4347 capellania
1032 4268 1201 4349 vulgariter
1224 4270 1304 4334 foret
1327 4279 1528 4356 nuncupata,

167 4391 226 4436 nos
258 4374 292 4435 ut
321 4391 377 4435 vos
410 4371 440 4434 in
470 4371 532 4435 hac
561 4375 652 4452 parte
683 4371 815 4437 omnino
837 4392 1038 4438 servaremus
1060 4377 1258 4459 indempnes,
1292 4378 1382 4443 vobis
1418 4381 1450 4444 in
1476 4402 1530 4447 re·

167 4482 311 4544 staurum
343 4479 440 4561 ipsius
470 4479 600 4543 ecclesie
632 4479 824 4545 Bramesche
856 4486 887 4546 et
919 4485 987 4566 ejus
1010 4483 1071 4547 filie
1099 4485 1140 4549 ad
1163 4486 1247 4549 idern
1267 4487 1330 4569 jue,
1365 4506 1433 4568 quo
1456 4489 1529 4573 ipsa

168 4585 333 4669 quondam
355 4587 528 4668 prebendis
556 4588 668 4651 vestris
697 4588 754 4653 luit
776 4607 912 4669 annexa,
946 4592 1110 4681 ecclesiam
1141 4593 1172 4656 in
1196 4592 1332 4657 bothero
1355 4613 1432 4659 cum
1457 4600 1530 4682 ejus

167 4695 230 4759 lilia
253 4695 398 4759 videlicet
420 4694 552 4760 ecclesia
575 4696 607 4758 iu
628 4695 825 4779 Glanthorpe
847 4716 918 4762 cum
950 4699 1098 4763 omnibus
1122 4699 1246 4782 juribus
1270 4703 1301 4764 et
1323 4703 1530 4783 pertinentiis

166 4803 231 4866 suis
263 4804 454 4868 contulimus
483 4808 514 4866 et
544 4823 603 4884 per
631 4824 764 4886 presens
793 4807 946 4888 seriptum
975 4806 1165 4871 conterimus
1192 4807 1288 4889 pleno
1307 4809 1390 4891 jure,
1425 4812 1530 4879 itaut

167 4910 348 4990 quicunque
370 4931 409 4975 ex
432 4910 522 4974 vobis
546 4911 711 4978 ecelesiam
735 4913 767 4977 iu
790 4913 926 4978 bothero
948 4912 1096 4978 habuerit
1125 4917 1192 4978 tarn
1225 4915 1374 4980 vicariam
1406 4918 1528 4987 ibidem
