3210 5424
732 351 799 407 1282
1373 338 1429 402 191

86 520 120 582 et
140 516 312 602 capitulum
337 515 509 581 babuimus
540 517 662 581 ratione
683 516 708 580 L
729 534 921 596 marcarum,
948 535 1006 581 seu
1035 518 1211 595 occasione,
1242 536 1322 601 quas
1343 521 1433 601 pete·

86 627 202 692 bamus
236 627 277 691 ab
312 626 442 703 eisdem,
476 644 533 690 seu
560 631 592 690 et
621 627 744 691 ratione
766 626 935 690 advocacie
957 625 1046 691 titulo
1069 627 1262 692 vendicionis
1284 627 1326 691 ad
1348 628 1433 712 ipsos

87 735 241 801 translate
271 741 303 800 et
330 736 391 800 hoc
422 735 485 799 fide
516 735 591 799 data
621 740 653 800 et
671 737 853 818 juramento
874 736 1005 817 prestito
1015 736 1042 821 ¹)
1069 736 1198 819 promisi
1219 736 1353 801 fideliter
1374 737 1433 802 ob-

87 864 226 921 servare,
257 846 337 910 sicut
359 846 391 909 in
414 844 517 909 littera
539 863 635 925 super
657 844 718 909 boc
739 843 883 909 coniecta
908 844 1033 927 plenius
1054 849 1103 909 est
1125 862 1321 928 expressum.
1365 845 1434 911 Hec

89 953 228 1035 presenti
260 953 375 1033 scripto
413 952 473 1016 sub
510 957 620 1015 nostro
658 952 757 1034 sigillo
792 971 994 1035 recognosco.
1038 952 1154 1017 Acium
1188 972 1275 1017 enno
1307 952 1432 1018 Domini

88 1060 303 1139 M⁰CC⁰LXII‚
326 1060 377 1124 die
399 1059 485 1124 beati
508 1059 646 1124 Dionisii.

196 1243 218 1309 ¹)
238 1240 303 1298 ther
322 1241 366 1297 bet
384 1241 460 1311 goie
479 1242 678 1314 nodgcttosscn.

214 1410 264 1475 tin
286 1410 351 1475 bem
373 1421 432 1476 oua
454 1411 505 1476 bet
528 1408 664 1476 ttctunbe
688 1407 905 1493 peirbnittenern
925 1409 1223 1493 bergomentitteiien
1246 1412 1302 1477 boe
1325 1410 1433 1494 erepet

90 1520 141 1585 bes
162 1536 221 1584 oon
244 1517 397 1584 ttionteno
421 1517 543 1602 (urtica
558 1517 593 1597 V,
616 1518 704 1601 324).
727 1517 797 1584 uon
819 1518 870 1585 bec
889 1518 1044 1601 timidtiit
1066 1519 1100 1599 iit
1122 1520 1215 1600 nidis
1237 1518 1432 1601 metenttidet

91 1626 172 1708 metr
194 1627 337 1710 ecbotten.

90 2097 162 2166 267.
185 2137 228 2148 -
250 2099 439 2181 berctrid,
462 2100 554 2180 1262,
577 2099 745 2185 berenice
765 2101 797 2172 8.

257 2254 372 2338 biidoi
389 2257 548 2324 boibeuin
570 2275 628 2324 oon
649 2255 821 2324 uincitur!
843 2257 995 2342 tbettcdgt
1017 2258 1080 2326 bem
1105 2259 1218 2339 ttioitec
1240 2257 1434 2339 bertenttscd

256 2365 312 2430 bot
334 2365 511 2448 sipontinum
533 2366 585 2431 bet
607 2384 666 2431 oon
688 2366 743 2431 ben
766 2354 871 2432 tidem
893 2368 945 2433 bec
967 2366 1062 2448 boiae
1085 2368 1116 2434 in
1136 2368 1264 2451 botruo
1288 2369 1435 2450 [otenben

257 2472 418 2556 sscbntme,
451 2474 571 2555 melden
595 2473 744 2558 diditur
767 2492 826 2541 oon
848 2475 959 2558 ibretptc
988 2475 1051 2542 bern
1074 2476 1188 2554 itioitec
1220 2476 1353 2559 certauit
1374 2477 1435 2544 unb

257 2585 289 2649 in
321 2583 398 2662 taine
427 2584 531 2662 bdnbe
559 2583 696 2668 tctonirt
724 2584 815 2667 botta,
849 2584 910 2651 unb
937 2584 1084 2665 betunbet,
1116 2584 1174 2662 boi
1196 2585 1346 2669 (ibtiition
1368 2585 1434 2652 bern

257 2690 370 2771 ittoitec
399 2693 454 2759 ben
484 2692 617 2777 gebnteo
647 2694 699 2761 bec
729 2692 824 2760 urbes
847 2694 1005 2776 barbasta
1027 2695 1060 2761 in
1082 2693 1195 2777 §brebie
1226 2693 1277 2775 itte
1303 2694 1322 2758 5
1345 2693 1436 2761 iitcrt

255 2802 311 2867 mit
333 2800 426 2879 tanet
449 2802 677 2887 (ttcnetpmiquno
698 2800 881 2884 oemidnbet.

354 2959 497 3029 Drioirrot:
518 2958 720 3029 stautandin.
758 2959 854 3017 titud:
874 2958 1024 3031 concion!
1042 2958 1185 3014 littuutcu
1204 2957 1254 3014 ar.
1273 2960 1317 3014 95.

213 3100 415 3165 Baldewinus
437 3101 494 3165 Dei
516 3101 615 3182 gratia
631 3100 886 3182 Osnaburgcnsis
908 3102 1075 3184 episcopus
1098 3099 1247 3164 omnibus
1268 3101 1430 3181 presentia

92 3208 201 3272 visuris
224 3212 335 3272 notum
359 3210 501 3286 facimus,
524 3208 610 3291 qarod
630 3208 804 3273 Cristianus
827 3206 998 3273 deThrele
1021 3212 1053 3272 et
1074 3226 1150 3273 suus
1172 3207 1253 3272 iilius
1276 3207 1434 3273 decimam
1465 3266 1470 3277 .

90 3335 240 3399 agrorum
262 3317 495 3401 subjacentium
519 3317 604 3383 curie
627 3318 658 3381 in
681 3316 880 3399 Harsthorpe
903 3367 910 3383 .
935 3368 942 3383 .
965 3317 1126 3381 abbatisse
1153 3319 1186 3380 et
1212 3317 1381 3382 conventui
1403 3319 1435 3381 in

91 3423 331 3506 Bersenbrugge
352 3444 411 3507 pro
435 3425 575 3508 quinque
597 3425 712 3488 marcis
734 3424 944 3489 vendiderunt
965 3428 997 3488 et
1015 3424 1068 3507 jus
1084 3423 1177 3504 feodi,
1201 3424 1286 3506 quod
1304 3424 1335 3488 in
1354 3424 1437 3490 dicta

92 3533 214 3597 decima
244 3533 441 3615 optinebant,
473 3532 504 3596 in
533 3552 648 3599 manus
678 3536 802 3597 nostras
824 3532 923 3597 libere
944 3533 1154 3614 resignarunt.
1197 3531 1289 3596 Unde
1312 3552 1371 3597 nos
1392 3535 1435 3599 ob

91 3639 246 3705 honorem
276 3641 370 3706 beate
391 3641 489 3706 Marie
516 3643 742 3725 proprietatem
773 3642 915 3725 ejusdem
946 3639 1069 3706 decime
1098 3640 1246 3723 predictis
1272 3640 1433 3706 abbatisse

91 3750 122 3810 et
143 3749 314 3812 conventui
341 3753 497 3832 perpetua
529 3751 699 3816 donatione
730 3749 930 3814 contulimus.
967 3749 1047 3812 Item
1069 3746 1237 3812 memorati
1259 3746 1433 3813 Cristianus

90 3860 122 3920 et
148 3857 230 3922 fitius
260 3876 336 3922 suus
367 3878 475 3925 coram
508 3859 600 3926 nobis
630 3858 670 3921 de
699 3876 833 3922 assensu
855 3859 964 3922 nostro
987 3856 1144 3920 decimam
1167 3855 1297 3935 totalem
1320 3856 1435 3922 domus

90 3964 243 4030 Gerhardi
268 3966 299 4031 in
322 3966 438 4032 Threle
466 3989 525 4051 pro
554 3970 695 4051 quinque
721 3968 836 4033 marcis
858 3968 1006 4050 predictis
1028 3967 1189 4033 abbatisse
1212 3971 1244 4031 et
1265 3968 1434 4034 conventui

90 4073 319 4156 obligaverunt,
347 4075 450 4140 donec
472 4076 654 4154 redimatur,
682 4074 788 4159 quiete
811 4079 843 4139 et
862 4076 961 4140 libere
982 4076 1219 4159 possidendam.
1264 4075 1380 4141 Datum
1404 4081 1435 4142 et

91 4186 196 4247 actum
230 4182 409 4265 Osenburg‚
444 4204 530 4250 anno
563 4184 689 4249 Domini
720 4178 911 4249 M⁰GC⁰LX⁰
944 4185 1095 4264 secund0,
1129 4188 1219 4250 sexta
1253 4183 1330 4248 feria
1361 4188 1434 4268 post

91 4289 226 4365 Nicolai;
261 4291 463 4373 presentibus
495 4292 647 4357 Lutberto
680 4291 764 4357 dicto
796 4291 909 4375 Vutpe,
944 4293 1072 4357 Hinrico
1104 4293 1145 4357 de
1175 4292 1293 4372 Monte,
1326 4297 1434 4358 nostre

91 4399 221 4464 ecclesie
255 4399 430 4477 canonicis;
465 4399 629 4466 Gerhardo
662 4401 702 4465 de
735 4400 963 4484 Varenthorpe‚
997 4401 1142 4467 iohanne
1170 4401 1263 4481 Urso,
1296 4401 1433 4484 Hugone

93 4505 186 4570 tratre
203 4525 271 4582 suo,
295 4506 428 4570 Ludoifo
444 4506 545 4586 Bake,
568 4508 695 4574 Hinrico
714 4510 754 4574 de
771 4509 907 4588 Braken‚
929 4508 1058 4574 Hinrico
1077 4511 1117 4574 de
1133 4509 1251 4589 Hercu,
1272 4508 1433 4593 militibus,

92 4616 123 4676 et
144 4612 213 4677 aliis
237 4631 333 4695 quam
357 4614 509 4696 pluribus,

217 4746 325 4831 &tepet
347 4746 520 4831 abaciaco.
