3210 5424
727 338 793 393 1aca
1373 328 1433 394 189

86 497 164 566 264.
185 536 227 548 -
249 500 342 579 1262,
366 497 555 584 §tutentur
575 498 627 569 30.

254 631 369 713 tlilcboi
395 631 554 699 botherum
577 649 635 696 oon
657 629 831 698 oenanthe
863 631 966 712 lebenti
996 634 1060 700 bem
1091 634 1205 715 ittoiter
1231 635 1433 719 OEreeeubocit

254 741 280 822 je
311 741 358 806 eiu
381 740 456 807 brba
478 741 511 805 iu
535 739 758 803 Wallenbrolre
787 742 848 806 unt
872 742 982 821 &celte
1017 745 1151 825 nubtam
1174 743 1275 811 ltittet
1298 744 1433 826 baturici)

256 867 315 914 oon
336 847 464 927 araret,
494 850 544 913 ber
575 846 668 912 homil
691 866 758 913 eom
782 847 899 930 (broten
921 850 996 917 Dtto
1018 870 1076 918 oon
1100 851 1296 937 ‘e'cdtenbutg
1318 852 1433 938 hetebnt

256 976 330 1038 met,
362 957 466 1037 bielem
497 956 660 1040 gegeuitbet
693 956 753 1022 unb
786 956 837 1024 ber
869 958 951 1041 titul
980 961 1044 1026 bem
1076 960 1208 1044 tlilboie
1241 962 1290 1029 ota
1325 963 1433 1044 lainam

256 1066 444 1151 betheleem
466 1065 630 1149 gegeutiber
652 1063 781 1148 ilergicbt
804 1066 938 1149 geteiitct.

356 1196 503 1267 Eripiunt:
524 1194 717 1266 &teetssetmib
736 1196 869 1265 bltttultcr.

215 1316 419 1380 Baldewinus
442 1315 498 1379 Dei
521 1319 621 1396 gratia
644 1314 900 1398 Osnaburgensis
930 1318 1060 1384 ecclesie
1092 1320 1259 1406 episcopus
1286 1324 1435 1389 omnibus

91 1425 132 1489 ad
154 1444 234 1507 quos
257 1444 389 1507 presens
422 1424 573 1505 scripturn
604 1424 782 1504 pervenerit
806 1423 941 1489 salutern
964 1427 995 1490 in
1017 1427 1126 1493 salutis
1148 1435 1288 1497 auctore.
1332 1432 1436 1497 Factis

91 1533 204 1596 nostris
236 1532 300 1596 fide
330 1535 362 1595 et
388 1531 543 1595 memoria
575 1529 675 1611 dignis
705 1530 845 1596 debitam
876 1534 1039 1615 cupientes
1066 1536 1229 1619 imponere
1255 1539 1436 1604 firmitatem

91 1641 199 1706 litteris
221 1639 424 1724 presentibus
447 1643 558 1703 notum
583 1637 716 1702 facimus
739 1637 855 1703 Christi
885 1640 1031 1706 fidelibus
1061 1644 1224 1721 universis,
1255 1646 1437 1728 quodcum

92 1748 256 1815 Heinricus
279 1749 319 1813 de
341 1745 467 1812 Braken
503 1746 594 1811 miles
626 1747 707 1813 duos
740 1767 870 1813 mansos
902 1767 1000 1813 unum
1029 1749 1172 1814 videlicet
1194 1751 1288 1816 situm
1311 1753 1342 1816 in
1365 1753 1438 1818 villa

91 1857 317 1924 Wallenbroke
342 1862 372 1921 et
395 1856 530 1921 alterurn
553 1855 648 1920 situm
672 1856 702 1920 in
725 1857 798 1921 villa
820 1858 961 1939 Segeste,
996 1876 1076 1940 quos
1104 1859 1188 1924 idern
1211 1860 1376 1926 Heinricus
1398 1862 1439 1927 de

92 1987 188 2032 manu
212 1966 325 2032 nobilis
348 1967 403 2029 viri
427 1965 464 2030 Ο.
488 1965 610 2029 comitis
633 1964 673 2029 de
695 1964 908 2048 Tekeneborg
929 1967 961 2031 in
984 1966 1079 2032 leudo
1101 1954 1301 2049 tenebat,'in
1323 1990 1439 2036 manus

91 2077 187 2160 ipsius
220 2075 344 2140 comitis
377 2093 435 2156 pro
470 2093 505 2138 se
538 2077 570 2137 et
599 2093 658 2156 pro
688 2072 860 2139 heredibus
889 2076 954 2138 suis
986 2075 1140 2140 universis
1167 2076 1208 2141 de
1238 2079 1366 2160 propria
1387 2098 1438 2144 re-

90 2187 245 2267 signasset
274 2184 447 2260 voluntate,
481 2182 564 2247 idem
597 2200 705 2245 comes
737 2183 822 2265 ipsos
852 2201 982 2246 mansos
1011 2183 1051 2246 de
1074 2185 1184 2247 nostra
1205 2187 1318 2250 tenens
1340 2205 1439 2251 manu

92 2294 222 2358 eosdem
257 2291 349 2357 nobis
383 2290 498 2355 deinde
532 2290 629 2354 libere
661 2289 832 2370 resignavit
861 2292 893 2353 et
918 2290 1074 2356 absolute.
1118 2291 1184 2355 Nos
1207 2312 1282 2357 vero
1304 2300 1439 2375 pensata

91 2403 244 2466 tenuitate
279 2399 458 2464 reddituum
490 2397 673 2462 monasterii
706 2397 820 2461 novelli
853 2397 1140 2463 sanctimonialium
1170 2400 1201 2462 in
1223 2399 1440 2467 Gravenborst

90 2511 318 2595 proprietatem
348 2509 503 2573 dictorum
532 2526 718 2571 mansorum
749 2507 841 2571 nobis
872 2506 969 2571 libere
992 2509 1172 2572 vacantium
1196 2526 1267 2573 cum
1290 2510 1439 2593 omnibus

91 2622 156 2685 suis
178 2619 351 2684 attinentiis
374 2618 414 2682 ad
438 2636 548 2699 preces
571 2616 683 2698 prefati
707 2614 829 2680 comitis
851 2615 891 2679 de
915 2615 1009 2699 pleno
1032 2636 1189 2682 consensu
1213 2665 1219 2680 .
1244 2665 1251 2682 .
1275 2620 1437 2701 prepositi,

91 2729 204 2794 decani
242 2731 274 2791 et
314 2726 439 2808 capituli
478 2725 607 2789 ecclesie
644 2728 752 2788 nostre
789 2725 918 2807 majoris
956 2730 1135 2791 memorato
1171 2729 1366 2792 monasterio
1408 2731 1439 2793 in

91 2836 309 2901 Gravenhorst
345 2834 516 2899 adicientes
556 2833 588 2896 in
628 2832 802 2897 subsidium
841 2834 1033 2899 contulimus
1070 2835 1241 2901 donatione
1283 2841 1440 2920 perpetua

91 2946 190 3010 libere
212 2943 434 3027 possidendos.
478 2942 519 3006 Ut
541 2947 649 3006 autem
671 2941 731 3006 hec
753 2946 861 3006 nostre
883 2943 1104 3024 assignationis
1126 2944 1250 3009 collatio
1273 2948 1344 3010 rata
1366 2965 1440 3028 per·

93 3056 223 3118 maneat
256 3057 287 3117 et
320 3051 513 3128 inconvulsa,
554 3054 735 3132 presentem
775 3050 925 3132 paginam
948 3053 1069 3133 'nostro
1102 3071 1140 3116 ac
1177 3053 1274 3134 ipsius
1314 3053 1441 3136 capituli

95 3162 225 3226 ecclesie
247 3165 353 3225 nostre
376 3160 506 3244 majoris
528 3161 647 3241 pariter
669 3158 774 3242 sigillis
796 3158 928 3223 fecimus
951 3159 1147 3225 communiri.
1180 3164 1261 3225 Acta
1283 3165 1357 3225 sunt
1379 3160 1439 3227 hee

96 3269 313 3352 Osenbrugge,
346 3289 433 3334 anno
467 3268 592 3332 Domini
613 3265 734 3331 M⁰CC⁰
767 3266 967 3348 sexagesimo
999 3267 1150 3346 secundo,
1186 3269 1323 3334 crastino
1356 3268 1440 3334 beati

95 3379 253 3444 Michaelis
280 3378 470 3460 archangeli,
499 3377 701 3459 presentibus
722 3375 781 3440 biis
803 3375 1002 3458 subscriptis:
1027 3376 1176 3442 Conrado
1199 3377 1330 3456 decano,
1364 3378 1440 3442 Got-

97 3489 198 3553 scalco
216 3489 413 3552 thesaurario
430 3486 560 3551 ecclesie
579 3489 685 3549 nostre
701 3485 845 3568 maj0ris;
869 3485 1040 3550 Lamberto
1061 3486 1144 3550 dicto
1160 3485 1283 3562 Buddo,
1306 3484 1441 3568 Hugone

99 3596 138 3660 de
160 3596 248 3661 Hom
272 3603 304 3662 et
326 3597 452 3661 Tlrorna
475 3596 514 3659 de
537 3594 675 3658 Tlretten
698 3594 856 3672 militibus,
880 3597 912 3658 et
934 3594 1001 3658 aliis
1025 3595 1295 3677 quampluribus

224 3705 292 3771 ltus
314 3707 370 3771 boa
395 3701 596 3786 hildelitegct
619 3703 767 3786 etheum,
790 3704 845 3768 boa
869 3701 1039 3787 &ttitbeget
1061 3701 1232 3787 obgeluilen.

99 4030 173 4099 265.
197 4069 236 4080 -
258 4029 449 4111 oenotria,
472 4028 727 4110 laccorum
750 4030 783 4099 9.

266 4164 326 4231 §ote
354 4163 532 4247 huetbertus
560 4162 652 4244 tibuit
674 4162 734 4228 unb
757 4159 912 4240 bermone
943 4160 1099 4227 thebttbec
1120 4180 1179 4228 uon
1202 4161 1354 4230 tlterrteno
1378 4182 1443 4230 uec:

265 4274 366 4356 githten
390 4273 458 4354 rioci)
475 4271 625 4355 (amulung
647 4289 706 4337 uon
726 4268 939 4349 lauterunt
957 4270 1002 4335 bie
1019 4269 1194 4355 gortetung
1211 4290 1270 4337 nort
1286 4272 1327 4336 50
1340 4271 1442 4353 ilicet

265 4384 364 4466 melche
386 4382 422 4455 ite
445 4383 511 4464 noch
534 4401 574 4447 ou
596 4382 652 4447 boe
674 4379 862 4462 sumtuosa
883 4397 918 4461 gu
934 4377 1106 4445 Dtnobrttd
1128 4390 1186 4445 oue
1209 4381 1273 4445 bem
1296 4378 1442 4462 tlcttoule

266 4492 317 4558 ber
331 4493 439 4576 tlogtet
457 4491 529 4558 tibet
544 4490 588 4557 bie
601 4489 676 4571 bile
689 4489 833 4565 dtlelttom
851 4488 911 4554 unb
923 4485 1117 4570 thietingberi
1134 4506 1168 4570 gu
1185 4488 1277 4572 buben
1293 4489 1446 4572 gtoutrteu.

365 4624 509 4695 Drtgiuet:
529 4623 699 4693 humectum.
737 4621 835 4680 meua:
855 4621 950 4691 accitu
969 4621 994 4674 V
1014 4619 1052 4676 (ὅ.
1070 4621 1131 4674 314.

225 4742 291 4806 Nos
313 4743 436 4807 nobiles
459 4741 515 4806 viri
538 4741 671 4806 Adolfus
695 4744 724 4805 et
748 4739 951 4804 Hermannus
974 4740 1087 4803 fratres
1110 4739 1150 4802 de
1168 4735 1333 4803 Blankena
1355 4740 1444 4804 iactis

96 4854 223 4930 nostris,
258 4871 320 4934 que
343 4870 493 4917 revocare
516 4870 575 4915 nec
597 4849 744 4915 volumus
766 4867 825 4914 nec
847 4848 1012 4926 dehemus,
1036 4846 1177 4912 debitam
1199 4844 1363 4929 cupientes
1385 4851 1447 4911 im-

95 4980 217 5047 ponere
251 4961 431 5026 firmitatem
466 4964 577 5025 notum
608 4959 741 5023 facimus
762 4956 928 5035 universis,
962 4956 1144 5039 quodcum
1168 4973 1264 5038 super
1287 4956 1448 5038 quinqua-
