3210 5424
744 347 812 402 1254
1409 326 1448 393 81

123 515 219 577 eterne
245 512 513 578 remuneracionis
542 514 573 577 et
604 512 634 576 in
663 511 849 577 memoriam
878 512 1067 594 perpetuam
1096 512 1224 594 patrum
1252 511 1284 574 et
1312 512 1450 575 matrum

123 626 289 687 nostrorum
322 625 355 687 et
386 621 518 686 fratrum
552 638 790 704 puerorumque
819 621 1002 685 nostrorum
1032 617 1252 683 detunctorum
1283 620 1452 701 prenotata

123 731 197 796 bona
227 730 360 796 cenobio
393 731 424 794 in
456 730 551 795 Rulle
583 729 626 795 ad
658 729 917 794 emendationem
948 727 1111 812 prebende
1147 727 1349 793 dominarum
1382 726 1451 792 Deo

124 837 226 903 ibidem
249 836 452 903 servientium
474 836 645 902 liberaliter
667 886 1021 904 ............

126 1225 184 1294 ur.
203 1264 239 1276 —
264 1227 347 1297 1254
369 1228 492 1313 (1253),
513 1227 609 1313 titire
632 1229 683 1300 lu

275 1376 356 1459 (broi
370 1376 445 1445 Otto
459 1397 518 1446 oon
534 1377 692 1463 ticutbciru
713 1377 845 1463 bettittqt
868 1377 917 1445 cte
938 1376 1015 1447 bric
1035 1376 1116 1460 orat
1134 1376 1227 1447 Dttot
1244 1395 1302 1446 tou
1319 1374 1450 1445 bertier:

274 1484 349 1571 turp
370 1484 466 1567 bettio
489 1486 663 1572 &dentone
685 1505 725 1555 cn
747 1485 803 1554 bct
827 1484 940 1565 ttlottcr
961 1485 1050 1555 tiuttc
1072 1485 1106 1572 (Ῑ.
1130 1485 1186 1555 lta.
1211 1486 1297 1572 107).

373 1633 504 1704 tibtdptttt
531 1634 578 1691 tra
606 1634 648 1689 14.
666 1632 768 1705 {tottii
789 1636 817 1690 tn
836 1633 906 1705 bitte.
924 1635 987 1704 217,
1003 1636 1039 1690 88
1057 1649 1084 1691 u.
1103 1635 1146 1691 27.
1183 1632 1285 1691 ibrud:
1312 1629 1454 1703 Scopius,

373 1721 437 1776 bist.
456 1738 523 1778 com.
541 1724 622 1779 Bent.
643 1726 736 1781 Codex
755 1723 792 1782 (ὅ.
812 1725 854 1780 68.

236 1856 311 1922 Otto
327 1856 385 1921 Dei
406 1858 506 1940 gratia
528 1878 635 1924 comes
658 1860 699 1925 de
715 1859 900 1938 Benetlrem‚
922 1858 1130 1945 H(eilewigis)
1147 1860 1315 1925 cometissa
1336 1858 1453 1923 ibidem

134 1964 258 2030 omuibus
287 1982 419 2048 presens
451 1962 631 2054 [scriptum]
662 1965 858 2031 intuentibus
887 1969 954 2030 tarn
980 1966 1182 2048 presentibus
1212 1983 1311 2048 quam
1341 1963 1454 2031 futuris

135 2071 245 2137 alutem
275 2073 308 2137 in
337 2072 463 2139 Christo
484 2073 569 2141 Jesu.
612 2073 661 2139 Ne
691 2074 847 2140 memoria
875 2078 1036 2156 gestarum
1066 2093 1173 2140 rerum
1201 2074 1234 2138 in
1263 2071 1454 2138 oblivionem

135 2180 294 2266 transeat‚¹)
323 2182 539 2247 necessarium
567 2185 624 2262 est,
655 2184 689 2247 ut
720 2201 843 2266 eaque
869 2182 985 2247 utiliter
1010 2186 1163 2266 geruntur
1188 2182 1341 2265 scripture
1367 2200 1455 2247 com·

136 2289 312 2356 pendentur.
335 2289 422 2354 Scire
443 2291 588 2374 cupimus
606 2289 773 2355 uniuersos
791 2290 832 2355 ad
852 2309 933 2372 quos
949 2309 1081 2374 presens
1096 2290 1247 2374 scriptum
1265 2291 1455 2375 pervenerit,

137 2398 201 2478 quod
216 2396 363 2463 dominus
377 2397 582 2463 Gherhardus
599 2399 640 2463 de
650 2397 823 2482 blettingen
840 2399 959 2464 curiam
972 2399 1152 2466 Garthusen
1170 2404 1203 2466 et
1218 2401 1350 2466 domum
1361 2399 1456 2465 Wer·

137 2502 225 2588 ringen
246 2509 279 2571 et
301 2506 366 2572 duo
387 2506 571 2572 molendina
591 2506 624 2571 in
641 2506 822 2575 Garthusen
845 2513 877 2574 et
898 2509 1056 2592 mancipia
1077 2509 1119 2576 ad
1141 2510 1255 2576 eadem
1276 2511 1363 2575 bona
1382 2528 1456 2593 per·

136 2613 250 2694 tinentia,
270 2616 468 2699 judiciariam
487 2635 616 2699 quoque
632 2618 825 2699 potestatem
843 2636 906 2700 que
921 2617 1042 2699 vulgari
1059 2617 1214 2683 vocabulo
1231 2616 1455 2702 boltproscbop

137 2725 300 2804 nominatur,
323 2744 386 2808 que
409 2725 449 2791 de
472 2744 571 2811 manu
592 2724 711 2790 domini
732 2726 831 2791 nostri
854 2725 975 2790 comitis
998 2725 1031 2790 in
1052 2723 1284 2793 Tekeneborch
1305 2727 1337 2792 in
1360 2726 1454 2792 leodo

139 2832 215 2898 tenuit
233 2838 300 2899 tam
322 2833 391 2918 ipsa
422 2853 520 2918 quam
548 2833 683 2899 heredes
705 2834 754 2898 sui
776 2834 808 2898 In
830 2852 946 2898 manus
969 2833 1114 2917 ejusdem
1134 2834 1234 2900 libere
1257 2839 1288 2901 et
1309 2835 1456 2900 benivole

139 2940 319 3024 nunaunt.
363 2942 517 3009 Dominus
544 2943 637 3024 igitur
666 2945 775 3007 noster
802 2960 910 3007 comes
942 2944 973 3006 et
1003 2941 1133 3008 domina
1155 2945 1265 3008 nostra
1287 2941 1457 3007 cometissa

139 3050 197 3114 mu
213 3051 328 3134 pietate
350 3054 381 3116 et
403 3050 617 3117 misericordia
638 3049 680 3115 ob
702 3069 793 3134 spem
816 3052 926 3115 eterne
947 3051 1211 3115 remunerationis
1234 3053 1266 3115 et
1283 3049 1315 3115 in
1331 3068 1458 3115 memo·

139 3155 197 3223 iam
214 3164 398 3244 perpetuam
421 3165 549 3245 patrum
571 3164 603 3225 et
624 3163 762 3224 matrum
784 3177 914 3224 suorum
936 3163 967 3223 et
983 3157 1115 3223 fratrum
1132 3177 1305 3242 puerorum
1322 3177 1454 3224 suorum

140 3261 332 3336 truncorum
363 3272 530 3353 prenotata
561 3268 648 3332 bona
677 3267 811 3332 cenobio
842 3267 874 3330 in
904 3265 999 3331 Rulle
1027 3264 1069 3330 ad
1100 3264 1357 3331 emendationem
1383 3284 1457 3349 pre-

139 3369 219 3442 bende
239 3378 441 3445 dominarum
458 3377 525 3442 Deo
541 3377 658 3442 ibidem
677 3375 880 3440 servientium
902 3373 1072 3439 liberaliter
1089 3355 1121 3440 'ot
1139 3374 1315 3440 voluntarie
1334 3374 1457 3460 hon02)

142 3477 169 3544 de
185 3503 333 3551 consensu
361 3491 470 3551 nostro
500 3489 532 3550 et
561 3485 669 3549 uxoris
700 3488 809 3549 nostre
835 3487 866 3547 et
895 3482 1049 3548 heredum
1071 3487 1251 3550 nostrorum
1275 3484 1458 3550 cumomni

140 3602 185 3653 usu
201 3598 227 3657 et
247 3595 380 3659 utilitate
402 3595 603 3659 contulerunt
625 3598 656 3658 et
677 3592 913 3676 possessionem
936 3593 1143 3674 tradiderunt,
1166 3593 1362 3658 warandiam
1384 3612 1457 3677 per-

142 3701 245 3774 petuam
266 3705 298 3768 et
318 3702 454 3768 liberam
476 3703 631 3768 dictorum
653 3702 812 3767 bonorum
841 3701 944 3765 eidem
975 3701 1109 3767 cenobio
1139 3703 1349 3770 conterentes.
1392 3700 1458 3766 Nos

142 3801 268 3885 intuor
296 3830 379 3877 uxor
408 3814 517 3877 nostra
544 3815 576 3876 et
603 3813 693 3894 pueri
720 3809 828 3890 nostri,
858 3828 930 3875 cum
961 3808 1089 3890 legitimi
1120 3810 1293 3874 existamus
1321 3809 1458 3874 heredes

141 3917 237 3985 comitis
262 3921 432 4004 prenotati,
462 3920 666 3985 donationem
697 3922 729 3983 et
751 3918 954 3984 traditionem
975 3920 1183 4001 possessionis
1204 3918 1363 3983 bonorum
1384 3936 1458 3999 pre·

140 4017 268 4093 dictorum
290 4030 332 4094 ab
355 4029 430 4111 ipsis
452 4028 569 4093 iactam
592 4032 694 4092 ratam
718 4027 875 4092 habemus
905 4030 939 4090 et
961 4027 1195 4092 contirmmus.
1237 4026 1288 4090 Ne
1309 4024 1403 4107 igitur
1424 4024 1456 4087 in

140 4135 275 4207 l⁰⁵lerum
298 4157 395 4220 super
417 4137 583 4202 collatione
602 4136 814 4219 predictorum
831 4135 989 4201 honorum
1008 4140 1185 4201 memorato
1201 4134 1335 4199 cenobio
1357 4130 1458 4216 possit

139 4235 171 4299 ib
184 4241 330 4326 aliquibus
348 4245 385 4309 lis
406 4246 456 4309 vel
479 4246 603 4328 questio
625 4244 776 4321 suscitari,
799 4246 980 4325 presentem
998 4244 1131 4309 litteram
1149 4244 1193 4321 rei
1209 4247 1296 4324 geste
1314 4241 1458 4306 ordinem
1523 4314 1527 4321 ¹

139 4347 164 4406 et
178 4352 328 4418 ueritatem
347 4353 481 4418 fideliter
497 4354 713 4417 continentem
730 4351 827 4431 sigillo
844 4355 953 4416 nostro
969 4353 1185 4432 consignatam
1203 4350 1307 4414 eidem
1325 4348 1458 4414 cenobio

137 4450 260 4525 dedimus
291 4464 321 4526 in
355 4463 570 4526 testimonium
605 4463 636 4525 et
668 4462 841 4526 munimen.
886 4461 967 4524 Acta
1003 4462 1078 4522 sunt
1115 4457 1174 4521 hec
1212 4477 1298 4522 anno
1332 4455 1458 4521 Domini

136 4556 281 4646 doctrin
304 4569 358 4634 XV
378 4570 425 4634 lll.
443 4572 567 4653 Aprilis.
590 4568 727 4633 Nomina
747 4565 873 4633 testium
890 4571 965 4632 sunt
982 4565 1054 4630 bec:
1076 4565 1231 4647 liutgerus
1246 4566 1286 4630 de
1303 4565 1458 4643 Nutterlo‚

134 4665 268 4749 liebertus
294 4679 426 4762 dapifer,
461 4679 635 4744 Gherlacus
663 4677 702 4742 de
724 4675 877 4756 Becaren,
908 4675 1100 4758 Stephanus,
1134 4673 1352 4758 Wernolpbus
1376 4674 1459 4738 ultra

134 4773 278 4864 Vecbtam,
300 4785 486 4869 Ludolpbus
511 4788 552 4851 de
574 4788 666 4852 Reno
688 4791 720 4850 et
742 4786 793 4850 alii
816 4803 914 4867 quam
937 4783 1054 4868 plures.

224 4942 244 5009 ¹)
261 4948 401 5000 emnem
420 4944 596 5016 continent.
616 4976 648 4983 -
668 4940 970 5014 promcourunt.

213 5076 347 5132 'illim
360 5077 415 5124 ma
428 5079 539 5133 attonuit
554 5080 592 5125 111.
