3210 5424
753 315 816 370 12⁵1
1387 364 1394 380 ,
1413 301 1454 365 33

147 482 189 553 4³.
206 521 235 532 -
253 481 390 568 aemon
414 482 506 558 1251,
529 478 695 552 boantes
717 477 747 548 7.

280 631 406 713 babent
437 631 498 698 unt
526 628 692 712 &detonet
722 629 774 695 bea
800 627 961 706 bometnet
983 627 1085 708 &lita
1118 626 1275 708 betunben,
1307 628 1365 708 bot
1398 629 1454 696 boa

279 737 480 806 Demetriader
496 737 697 818 aoncuptut
719 736 838 819 metebat
859 754 914 803 oor
936 736 1025 820 ltnen
1041 736 1127 819 burda
1144 735 1260 818 ttuboti
1276 755 1335 804 oon
1352 734 1453 816 boten

279 847 328 929 oui
360 847 538 931 &attellanq
569 845 881 930 eructationem
912 844 1011 926 ielnen
1043 845 1135 929 &obn
1157 845 1312 923 betruano
1342 844 1454 929 beltoqt

279 974 350 1035 aar!
380 957 445 1022 eine
471 973 540 1022 nom
561 954 636 1022 aute
658 973 718 1022 oon
740 953 843 1039 Stutq
865 953 1087 1033 trontiumitte,
1118 972 1157 1019 on
1186 953 1281 1034 bisico
1304 954 1453 1037 occidtete

277 1060 445 1148 &attolle
467 1083 535 1132 nom
557 1065 587 1131 3.
610 1063 700 1147 tutu
724 1064 804 1128 1251
827 1063 977 1148 ootqeteqt
1002 1062 1063 1147 tot,
1094 1061 1210 1144 monada
1241 1072 1272 1128 ee
1302 1062 1377 1142 nicht
1409 1079 1454 1145 qe:

275 1191 413 1258 qounqen
436 1174 552 1240 metten
573 1172 659 1251 loon,
681 1172 841 1256 abactor
863 1170 917 1253 out
939 1171 1049 1240 dirum
1072 1190 1131 1238 oon
1156 1169 1453 1253 brootfionattieien

276 1301 307 1366 qu
337 1282 488 1366 attteiten,
519 1300 606 1349 menn
636 1281 710 1364 nitbt
740 1282 773 1349 in
795 1282 889 1361 bieien
913 1281 1205 1365 tltooiitontbrtelen
1233 1281 1327 1361 bleisa
1349 1281 1454 1365 titini:

276 1391 385 1474 legium
407 1389 600 1470 ouabttitttid)
624 1390 757 1474 etudtnt
778 1390 822 1470 iit.
845 1378 897 1458 tio
920 1390 1036 1471 diaboti
1058 1410 1117 1459 oon
1140 1391 1243 1472 boten
1264 1389 1389 1475 goetici
1412 1408 1454 1456 on

274 1497 322 1563 ter
343 1497 560 1581 tluttentictttt
591 1497 642 1564 bet
668 1497 757 1566 ttulit
787 1497 895 1586 „crucht
925 1499 999 1566 mitt
1029 1501 1076 1567 ein
1106 1519 1196 1568 naues
1226 1500 1354 1569 ternio
1385 1499 1453 1582 norb

276 1604 404 1686 besloth
426 1625 479 1689 put
500 1606 676 1691 tinctaqunq
698 1607 751 1673 tet
772 1606 937 1690 Driqtnota
959 1608 1104 1692 onqeiept.

371 1754 520 1826 Drlqinut:
549 1755 720 1828 ibomutqto.
757 1756 843 1814 bruc
866 1757 911 1814 ter
936 1758 1104 1830 slnqeiltqten
1123 1758 1280 1831 tlopittutte
1303 1758 1343 1815 bei
1362 1758 1454 1830 &ints

371 1842 594 1914 liopttuttunten
613 1841 704 1914 ittettt.
724 1842 774 1899 bit.
794 1845 854 1899 526.

237 1977 326 2041 Anno
342 1975 471 2042 Domini
490 1977 680 2042 M⁰CC⁰L⁰I⁰
702 1978 733 2041 in
756 1981 869 2043 octava
890 1979 974 2044 beati
997 1979 1128 2044 Andree
1151 1978 1243 2044 nobis
1267 2030 1274 2044 .
1299 2029 1306 2043 .
1330 1979 1453 2044 decano

139 2084 165 2144 et
181 2130 212 2148 ..
234 2084 395 2151 scolastico
425 2085 670 2151 Hamelensibus
699 2086 872 2152 Mindensis
906 2088 1039 2152 diocesis
1069 2088 1186 2170 judicio
1219 2085 1453 2168 presidentibus

138 2189 258 2256 doninus
278 2193 468 2277 Rodolphus
479 2195 505 2279 ¹)
537 2195 577 2259 de
600 2194 707 2260 Haren
741 2197 830 2261 miles
863 2215 921 2280 pro
944 2195 1130 2260 Hermanno
1161 2196 1224 2260 lilio
1253 2214 1312 2260 suo
1340 2196 1452 2260 clerico

137 2315 295 2381 comparens
324 2302 444 2366 litteras
474 2303 594 2367 domini
625 2303 717 2386 legati
747 2304 890 2369 exhibuit
912 2305 1054 2369 subhac
1076 2304 1196 2369 forma:
1227 2303 1337 2368 Frater
1359 2303 1452 2386 Hugo

137 2406 307 2474 uberatione
338 2409 445 2474 divina
474 2410 553 2474 tituli
584 2414 692 2476 sancte
714 2410 832 2476 Sabine
862 2413 1019 2495 presbiter
1050 2412 1216 2476 cardinalis
1240 2411 1360 2476 dilectis
1382 2411 1452 2477 filiis

137 2515 291 2583 ..decano
317 2521 350 2583 et
377 2568 385 2584 .
415 2568 421 2582 .
450 2516 616 2583 scolastico
651 2518 852 2585 Hamelensis
886 2520 1017 2585 ecclesie
1049 2518 1222 2585 Mindensis
1255 2519 1388 2584 diocesis
1422 2523 1454 2584 et

136 2628 231 2704 celem
262 2628 364 2692 torma
396 2645 472 2696 vero
504 2628 691 2709 provisionis
725 2628 919 2710 inspectione
954 2628 1103 2693 autentici
1136 2627 1260 2710 plenius
1295 2628 1450 2696 elucescit.

133 2731 240 2800 Petebat
272 2736 365 2818 igitur
399 2737 483 2801 idem
519 2737 609 2802 miles
643 2787 651 2800 .
686 2785 693 2801 .
726 2739 923 2820 prepositum
955 2786 962 2800 .
992 2786 1000 2803 .
1030 2736 1187 2801 decanum
1219 2739 1251 2800 et
1279 2737 1451 2819 capitulum

133 2838 352 2927 Osnaburgense
379 2845 535 2928 compelli,
564 2849 599 2910 ut
624 2845 723 2928 ipsius
745 2844 849 2909 militis
874 2844 972 2909 filium
1002 2845 1033 2908 in
1060 2845 1248 2909 canonicum
1276 2844 1453 2925 reciperent

132 2949 185 3034 οῖ’)
215 2952 245 3017 in
283 2954 413 3017 fratrem
453 2973 490 3018 ac
526 2955 567 3018 de
601 2954 767 3037 prebenda
804 2953 862 3017 sibi
899 2953 1048 3018 facultate
1089 2952 1200 3017 habita
1237 2953 1451 3034 providerent,

131 3075 218 3124 verum
248 3080 306 3144 pro
339 3065 429 3144 parte
462 3059 589 3143 capituli
622 3060 771 3125 dominus
799 3059 893 3141 Hugo
926 3062 1023 3143 ipsius
1057 3060 1188 3126 ecclesie
1219 3061 1389 3125 canonicus
1418 3063 1450 3124 et

132 3174 290 3246 procurator
329 3171 492 3254 quoddam
532 3169 718 3233 mandatum
759 3168 901 3235 exhibuit
937 3172 1019 3236 inter
1055 3175 1160 3236 cetera
1195 3170 1358 3236 continens
1392 3190 1448 3234 ex·

133 3277 282 3357 ceptionem
304 3278 403 3343 talem
425 3278 579 3356 videlicet,
602 3277 688 3360 quod
711 3277 841 3343 ecclesie
859 3278 979 3345 Osnab.
1004 3280 1151 3344 essetab
1172 3279 1347 3362 apostolica
1369 3280 1447 3344 sede

132 3379 269 3467 indultum,
304 3387 391 3471 quod
424 3387 465 3451 ad
497 3385 613 3450 nullius
646 3385 861 3467 provisionem
894 3389 1040 3471 compelli
1072 3392 1204 3471 possent
1236 3409 1293 3471 per
1326 3390 1448 3452 litteras

132 3493 292 3568 mustolicas
314 3515 372 3560 seu
394 3495 581 3576 legatorum,
611 3512 674 3576 que
704 3496 745 3559 de
772 3496 967 3578 indulgentia
993 3499 1175 3580 hujusmodi
1197 3501 1229 3561 et
1250 3497 1291 3560 de
1312 3515 1448 3561 numero

133 3597 156 3657 el
177 3599 209 3664 de
235 3604 415 3668 nominibus
446 3608 648 3687 receptorum
679 3605 711 3669 in
743 3604 874 3670 ecclesia
897 3605 1018 3670 Osnab.
1049 3607 1177 3688 plenam
1209 3609 1240 3669 et
1263 3624 1450 3687 expressam

133 3717 181 3768 non
198 3709 333 3777 lacerent
353 3714 558 3779 mentionem.
589 3714 711 3779 Obtulit
733 3715 829 3780 etiam
852 3718 1113 3779 conservatorum
1136 3714 1233 3795 ipsius
1255 3713 1449 3795 indulgentie

132 3806 223 3882 litteras
252 3820 313 3886 sub
346 3820 406 3886 hac
437 3823 557 3887 forma:
592 3822 838 3888 Honorabilibus
870 3823 943 3886 viris
977 3826 1009 3887 et
1042 3823 1074 3886 in
1106 3822 1233 3888 Christo
1264 3823 1447 3888 dilectis..

132 3916 227 3993 decano
256 3934 288 3994 et
312 3981 319 3997 .
344 3981 352 3996 .
374 3932 537 3997 scolastico
570 3931 845 3996 Hamelensibus.
874 3932 1006 3996 .abbas
1038 3933 1241 3996 miseratione
1275 3932 1381 3996 divina
1417 3934 1450 3995 et

130 4027 196 4104 prior
222 4040 319 4103 sancti
350 4039 522 4103 Clementis
554 4041 586 4103 in
612 4039 722 4122 Yburg
755 4044 940 4105 executores
973 4060 993 4104 a
1025 4040 1155 4105 domino
1187 4058 1272 4122 papa
1305 4038 1449 4122 deputati

130 4141 237 4213 amiam
262 4148 294 4211 in
324 4150 464 4230 presenti
496 4153 528 4213 et
556 4148 688 4230 gloriam
719 4151 751 4213 in
783 4149 897 4215 futuro.
942 4149 1128 4214 Mandatum
1151 4148 1270 4213 domini
1292 4166 1376 4230 pape
1398 4167 1449 4211 re-

129 4248 244 4327 &pimus
273 4257 306 4320 in
336 4255 420 4322 hune
451 4260 598 4323 modum:
628 4258 830 4325 Innocentius
860 4260 1028 4341 episcopus
1057 4278 1168 4322 servus
1195 4276 1360 4322 servorum
1390 4256 1449 4321 Dei

128 4351 224 4428 decus
243 4366 313 4430 tiliis
335 4417 343 4432 .
367 4416 375 4430 .
397 4367 505 4432 abbati
529 4372 561 4431 el
585 4418 591 4431 .
615 4419 622 4433 .
646 4368 741 4450 priori
763 4369 947 4433 monasterii
970 4368 1068 4432 sancti
1092 4366 1265 4432 Clementis
1288 4366 1320 4429 in
1339 4364 1448 4446 Yburg

127 4465 222 4537 ordinis
242 4475 342 4539 sancti
364 4475 528 4542 Benedicti
551 4475 702 4562 (Osnab.)
734 4477 867 4541 diocesis
898 4477 1034 4541 salutem
1066 4481 1098 4541 et
1119 4475 1325 4559 apostolicam
1347 4475 1447 4538 bene-

126 4570 280 4647 dictionem.
326 4583 424 4650 Decet
446 4590 477 4650 et
500 4586 637 4667 expedit,
660 4591 697 4652 ut
718 4589 838 4669 gravati
861 4605 958 4668 super
980 4584 1159 4667 provisione
1181 4583 1365 4647 clericorum
1388 4603 1447 4664 per

126 4684 214 4756 sedem
238 4695 446 4777 apostolicam
475 4714 537 4778 que
565 4698 731 4778 tamquam
762 4695 813 4776 pia
847 4697 949 4758 mater
978 4691 1101 4756 illorum
1125 4709 1235 4773 preces
1258 4690 1447 4773 plerumque

125 4809 176 4862 Ποῦ
206 4806 308 4885 potest
345 4804 531 4868 induratura
568 4802 645 4868 facie
679 4803 870 4885 pertransire
902 4820 960 4883 per
997 4819 1066 4864 eam
1107 4799 1265 4864 interdum
1300 4802 1447 4882 optatum

124 4903 300 4978 relevationis
331 4914 478 5005 solatium
508 4915 730 4995 assequantur.
775 4911 856 4977 Cum
885 4910 986 4992 igitur,
1017 4911 1096 4976 sicut
1119 4910 1202 4975 lecta
1223 4927 1331 4974 eoram
1353 4908 1446 4973 nobis

198 5037 400 5093 succisanam
415 5039 527 5092 annau
542 5040 581 5084 ur.
1214 5009 1233 5073 3
