3210 5424
762 367 826 422 1251
1428 355 1466 418 15
1543 356 1546 361 ’

154 531 236 598 debito
263 530 389 593 servicio
420 508 486 594 sive
515 546 624 604 censu,
656 529 790 611 petitum
819 529 892 594 binc
923 531 998 596 inde
1028 533 1128 599 extitit
1159 536 1191 598 et
1218 551 1291 599 cum
1318 532 1467 599 instantia

153 638 306 721 requisitum
328 657 349 700 a
369 637 472 716 nobis,
501 639 536 701 ut
567 635 702 701 diffinire
731 657 790 720 per
818 640 1002 721 generalem
1033 643 1229 707 sentenciam
1254 643 1466 725 dignaremur,

153 748 206 832 quis
224 765 324 811 eorum
351 747 395 810 sic
424 746 659 829 possessionem
690 745 894 827 allegantium
916 748 1086 832 utrobique
1107 751 1246 833 probare
1267 751 1369 834 ipsam
1391 772 1467 834 pos-

153 859 296 925 sessionem
323 860 394 942 jure
422 858 537 942 potiori
567 860 708 924 deberet
753 855 857 939 Super
884 856 1067 940 huJusmodi
1093 858 1201 942 itaque
1222 858 1467 941 interrogatione

153 967 282 1032 sentencie
316 969 474 1049 generalis
506 969 607 1033 tidelis
640 969 749 1032 noster
775 966 990 1031 Herimannus
1023 967 1174 1049 pincerna
1204 968 1245 1032 de
1270 967 1336 1032 Are
1366 969 1467 1034 dictus

153 1074 241 1140 lleclro
260 1075 427 1157 requisitus
448 1077 576 1141 anobis
592 1077 636 1141 sic
654 1075 883 1141 sentenciando
897 1075 1028 1158 protulit
1041 1061 1101 1140 sub
1118 1075 1290 1140 multorum
1307 1077 1467 1141 bonorum

152 1184 302 1248 testimonio
325 1187 357 1249 et
378 1186 582 1267 prudentum,
612 1187 700 1268 quod
722 1185 771 1249 ille
794 1185 848 1267 qui
870 1185 902 1248 in
924 1185 1127 1267 possessione
1148 1185 1293 1268 coporali¹
1308 1186 1466 1250 bonorum

153 1292 233 1355 existit
255 1292 316 1375 juri
345 1293 461 1375 potiori
490 1295 628 1376 probare
659 1297 785 1358 tenetur
813 1295 1049 1374 possessionem
1075 1293 1258 1377 hujusmodi
1287 1298 1320 1359 et
1341 1295 1466 1374 docere,

153 1399 219 1480 quod
235 1401 314 1482 juste
335 1402 508 1483 possideat,
532 1422 630 1486 quam
652 1402 732 1467 alter
752 1400 990 1486 possessionem
1006 1403 1197 1485 impugnans
1215 1406 1247 1468 et
1263 1403 1467 1486 corporaliter

151 1508 185 1572 sic
201 1510 355 1592 possidens
377 1511 431 1594 qui
453 1514 519 1576 tam
541 1512 594 1576 diu
616 1512 648 1575 in
670 1512 739 1595 ipsa
762 1510 877 1575 debeat
899 1511 1084 1592 possesione
1106 1531 1248 1591 manere,
1278 1512 1381 1577 donec
1409 1532 1468 1595 per

149 1616 280 1697 justiciam
308 1620 481 1685 evincatur.
524 1621 649 1705 Adjecit
677 1640 805 1704 quoque
837 1620 920 1684 idem
951 1620 1104 1703 pincerna
1134 1623 1164 1685 in
1194 1622 1264 1704 ipsa
1295 1621 1466 1701 sentencia,

152 1726 220 1806 quod
239 1731 308 1793 sunt
329 1727 371 1791 ibi
393 1727 599 1811 probationes
620 1727 802 1812 hujusmodi
826 1728 978 1807 faciende,
1000 1729 1053 1794 ubi
1072 1728 1113 1793 de
1129 1730 1200 1795 iacti
1221 1731 1468 1796 circumstanciis

151 1849 196 1911 per
211 1833 320 1899 vicinos
343 1839 374 1900 et
395 1839 489 1901 notos
511 1837 606 1918 plena
627 1840 734 1919 potest
754 1836 864 1901 haberi
887 1837 1002 1902 noticia
1024 1837 1174 1902 veritatis.
1214 1837 1284 1915 Que
1306 1842 1469 1905 sentencia

152 1956 236 2006 coram
255 1944 346 2008 nobis
368 1962 388 2006 a
409 1943 515 2007 multis
537 1944 638 2008 extitit
659 1945 847 2027 approbata.
871 1944 986 2008 Actum
1011 1943 1141 2009 Colonia
1165 1945 1197 2009 in
1218 1946 1336 2027 palatio
1358 1952 1467 2012 nostro

153 2045 322 2128 Coloniensi3
345 2072 431 2118 anno
453 2052 579 2135 Domini
602 2052 722 2117 M⁰CC⁰
745 2054 1024 2135 quinquagesimo;
1047 2053 1103 2117 Vl⁰
1124 2054 1198 2119 ldus
1220 2053 1337 2120 Marcii.

254 2160 363 2244 erepet
385 2164 436 2228 tea
460 2159 637 2245 &philasia
661 2161 715 2228 mit
737 2160 908 2243 ananelo.

151 2550 192 2622 20.
211 2595 247 2605 -
272 2558 354 2628 1251
378 2558 500 2643 (1250),
522 2559 617 2644 utin
639 2559 691 2630 21.

292 2692 415 2760 ductat
437 2692 525 2774 bote,
553 2691 704 2774 §bamberc
726 2692 786 2758 aab
809 2690 917 2776 diatim
938 2710 971 2776 t¹¹
993 2691 1159 2775 bremide,
1188 2691 1376 2774 teurtuutet,
1408 2693 1468 2773 tot

294 2821 325 2870 et
356 2803 410 2885 out
440 2802 590 2885 baladan
619 2802 670 2868 tet
699 2800 820 2867 tbittmc
849 2799 939 2867 iticco
972 2801 1059 2868 beten
1090 2801 1219 2886 &tinen
1248 2802 1467 2883 cernebant

295 2912 425 2993 eiectio
457 2912 521 2979 ciue
542 2910 636 2993 icinet
658 2909 758 2990 artae
780 2909 915 2994 potitiae
935 2909 1106 2989 donatote
1134 2928 1183 2977 om
1205 2910 1356 2993 tiitcbtjoic
1379 2929 1468 2995 geaco

296 3021 381 3087 einen
411 3019 567 3104 intritam
588 3019 667 3102 gina
695 3036 755 3085 uon
779 3019 818 3083 12
840 3018 1010 3102 5tlfcnnigen
1041 3018 1268 3103 tcbcnattugtid)
1290 3018 1468 3104 tiberttopeu

294 3128 377 3212 habe·
393 3236 524 3310 ttbltipttt
543 3236 590 3293 bea
609 3237 651 3291 14.
670 3234 772 3305 Satri.
792 3235 820 3290 tu
840 3233 909 3305 iltis.
928 3237 991 3304 201,
1008 3236 1050 3290 84.

253 3355 422 3422 Conradus
444 3357 544 3421 dictus
566 3354 676 3419 Uncus
698 3354 869 3420 canonicus
885 3353 1005 3420 Osnab.
1028 3354 1185 3436 legitimus
1206 3358 1317 3438 pastor
1339 3355 1469 3421 ecclesie

127 3463 160 3527 in
183 3462 377 3528 Bramesche
398 3465 552 3529 universis
570 3462 685 3528 Christi
706 3461 852 3526 fidelibus
874 3465 940 3525 tam
961 3463 1161 3544 presentibus
1184 3483 1281 3546 quam
1304 3464 1416 3529 suturis
1438 3467 1470 3530 in

125 3571 254 3637 Christo
276 3572 352 3637 lesu
374 3576 485 3638 notum
509 3592 580 3637 esse
601 3571 755 3654 cupimus,
787 3570 873 3653 quod
901 3589 960 3634 nos
987 3571 1030 3635 ad
1051 3572 1238 3637 instanciam
1260 3573 1355 3639 Ricce
1377 3575 1470 3639 vidue

124 3684 159 3745 et
191 3668 325 3745 aliorum
360 3682 533 3746 amicorum
563 3699 694 3746 suorum
723 3679 887 3762 quandam
916 3699 1025 3746 aream
1055 3682 1185 3746 ecclesie
1217 3681 1249 3746 in
1278 3682 1470 3748 Bramesche

122 3792 216 3873 juxta
246 3789 434 3854 cimiterium
463 3790 556 3855 sitam
587 3790 713 3854 duobus
742 3790 811 3854 tiliis
839 3791 908 3873 ejus
933 3791 1077 3857 videlicet
1099 3791 1226 3856 Hinrico
1249 3795 1281 3857 et
1302 3791 1471 3857 Thiderico

124 3899 339 3981 porreximus,
372 3899 479 3980 quoad
500 3897 644 3975 vixerint,
668 3897 766 3961 libere
788 3899 1026 3980 possidendam,
1055 3901 1109 3966 tali
1131 3901 1254 3984 adjecta
1276 3901 1471 3978 condicione,

125 4009 215 4090 quod
246 4006 376 4089 singulis
407 4006 499 4071 aunis
527 4007 558 4069 in
589 4006 669 4070 festo
693 4004 826 4088 Crispini
849 4009 880 4070 et
903 4005 1090 4090 Cn'spiniani
1119 4008 1213 4073 iidem
1241 4008 1418 4094 H(inricus)
1440 4013 1472 4073 et

124 4115 345 4201 T(bidericus)
374 4116 424 4180 vel
453 4133 538 4179 unus
561 4133 682 4191 eorum,
713 4114 739 4177 si
761 4113 840 4177 alter
860 4115 1003 4193 moritur,
1032 4116 1199 4180 duodecim
1222 4117 1369 4182 denarios
1391 4136 1471 4199 quos

124 4226 170 4289 ab
192 4224 325 4307 antiquo
347 4224 461 4288 eadem
483 4224 575 4288 solvit
597 4241 673 4286 area
693 4222 834 4304 predicte
860 4223 998 4288 ecclesie»
1012 4226 1044 4288 in
1065 4224 1257 4290 Bramescbc
1279 4225 1470 4307 persolvant.

125 4333 161 4397 Si
184 4353 258 4397 vero
281 4334 367 4416 ipsos
389 4332 503 4398 eodem
534 4333 584 4396 die
614 4350 681 4396 non
711 4331 870 4410 solverint,
900 4333 969 4396 sine
998 4333 1103 4416 aliqua
1134 4333 1382 4398 contradictione
1403 4334 1472 4417 ipsa

127 4460 204 4507 area
225 4442 352 4508 vacabit
374 4442 504 4507 ecclesie
525 4441 694 4524 sepedicte.
737 4441 779 4506 Ut
800 4445 907 4505 autern
930 4440 990 4506 hec
1010 4441 1152 4523 predicta
1174 4440 1392 4506 inviolabiliter
1413 4444 1472 4507 ob·

127 4555 296 4615 serventur
316 4571 375 4616 nec
397 4553 438 4617 ab
467 4551 573 4633 aliquo
602 4550 729 4615 valeant
757 4552 789 4613 in
817 4554 981 4633 posterum
1003 4548 1136 4630 infringi,
1166 4552 1471 4633 presensscriptum

129 4658 216 4740 sigilli
246 4661 345 4724 nostri
376 4660 549 4724 munimine
579 4658 710 4723 iecirn'us
741 4660 894 4724 roborari.
938 4660 1017 4722 Acta
1045 4660 1119 4721 sunt
1149 4657 1208 4722 hec
1233 4677 1319 4722 anno
1346 4658 1471 4723 Domini

129 4767 289 4844 M⁰CC⁰L3
310 4770 341 4832 in
363 4769 414 4832 die
429 4767 590 4832 Benedicti
605 4766 744 4843 abbatis;
766 4767 967 4848 presentibus
986 4766 1171 4830 Hermanno
1189 4766 1289 4844 Unco,
1312 4766 1471 4831 Elisabeth

129 4895 227 4968 uxore
258 4895 327 4954 sua,
357 4874 543 4940 Bernhardo
569 4875 749 4940 Lethebure
779 4879 809 4939 et
832 4875 989 4958 Ricquino
1019 4874 1184 4938 sacerdote
1215 4877 1246 4937 et
1276 4873 1343 4939 aliis
1374 4894 1471 4958 quam

128 4985 278 5068 pluribus.
