3210 5424
769 343 834 399 1257
1410 326 1469 392 119

248 509 326 576 Otto
353 509 410 575 Dei
442 511 542 593 gratia
573 528 681 575 comes
714 509 755 573 de
782 507 995 589 Tekeneburg
1033 506 1181 573 omnibus
1218 506 1280 572 hoc
1317 507 1468 590 scriptum

122 620 319 684 intuentibus
339 619 475 685 salutem
503 620 535 684 in
563 638 602 683 co
625 619 679 701 qui
702 620 751 681 est
772 636 848 681 vera
869 616 964 682 salus.
1010 616 1169 694 Quoniam
1190 616 1356 680 hominum
1378 617 1469 697 gesta

124 729 409 810 quantumcunque
441 727 503 792 sint
534 727 621 792 utilia
651 727 692 791 de
725 725 806 790 facili
839 724 990 790 labuntur
1020 743 1040 789 a
1073 724 1237 802 memoria,
1272 726 1398 806 oportet
1431 742 1471 789 ea

126 835 320 919 quandoque
351 836 578 918 scripturarum
610 833 799 900 testimoniis
830 832 1057 899 commendari.
1101 832 1183 897 Hinc
1215 835 1273 911 est,
1309 833 1395 914 quod
1429 851 1470 897 ex

128 948 236 1008 tenore
265 944 462 1026 presentium
496 946 607 1009 notum
640 961 711 1007 esse
740 943 895 1025 cupimus,
930 942 1017 1025 quod
1048 939 1216 1006 Goswinus
1245 939 1335 1006 miles
1368 940 1469 1005 dictus

130 1050 271 1117 Keselinc
292 1050 506 1115 ministerialis
527 1054 636 1115 noster
655 1052 767 1116 curtim
788 1050 904 1115 dictam
919 1047 1113 1115 Dodebuscn
1136 1047 1228 1112 sitam
1251 1050 1282 1112 in
1304 1049 1470 1131 parrochia

133 1158 260 1224 bissena
274 1160 306 1223 in
324 1156 466 1224 marchia
481 1158 609 1223 Aschen
625 1162 657 1224 et
672 1157 804 1223 domum
820 1158 1019 1241 adjacentem
1040 1177 1113 1223 curn
1129 1158 1255 1223 duabus
1271 1157 1419 1223 domibus
1438 1157 1470 1223 in

134 1268 200 1333 n'lla
214 1268 342 1333 Aschen
364 1268 431 1332 sitis
449 1286 529 1351 quas
544 1266 734 1332 lambertus
757 1265 858 1330 dictus
874 1266 994 1331 Blanlre
1016 1269 1048 1330 et
1063 1265 1211 1331 Nicolaus
1234 1266 1314 1331 filius
1333 1285 1409 1331 suus
1427 1266 1469 1331 ab

136 1376 242 1443 codem
256 1375 438 1462 G(oswino)
457 1375 540 1441 dicto
556 1373 701 1439 Keselinc
723 1375 754 1438 in
777 1373 871 1440 feodo
892 1378 1065 1439 tenuerunt
1086 1394 1160 1439 curu
1176 1374 1336 1453 litonibus,
1358 1393 1470 1440 nemo-

137 1484 225 1563 ribus,
246 1486 340 1566 agris,
361 1484 470 1565 pratis,
486 1482 612 1566 pascuis
629 1486 659 1546 et
676 1482 802 1565 piscinis
816 1487 847 1547 et
864 1483 1012 1548 omnibus
1029 1482 1097 1547 aliis
1113 1482 1321 1548 attinentibus
1341 1472 1470 1550 domino

137 1591 264 1657 lobauni
293 1591 403 1658 abbati
433 1595 465 1657 et
491 1592 659 1655 conventui
689 1589 801 1674 Campi
831 1595 941 1656 sancte
963 1590 1061 1655 Marie
1092 1591 1212 1656 ordinis
1234 1590 1470 1675 cysterciensis,

138 1698 385 1773 llonasteriensis
406 1700 549 1784 dyocesis
570 1719 629 1782 pro
651 1703 778 1764 centum
795 1700 908 1764 marcis
926 1698 1200 1764 consencientibus
1217 1699 1282 1764 suis
1300 1699 1471 1767 heredibus

140 1806 271 1872 uendidit
291 1807 483 1888 integraliter
503 1810 659 1889 perpetuo
681 1807 899 1889 possidendas.
944 1806 1010 1872 Nos
1041 1826 1117 1872 vero
1147 1807 1330 1891 hujusmodi
1361 1812 1472 1876 vandi-

140 1917 250 1981 tionem
278 1920 402 1999 gratam
432 1919 463 1980 et
491 1918 596 1980 ratam
627 1916 781 1981 habentes
813 1916 1038 1998 proprietatem
1069 1915 1226 1981 dictorum
1258 1919 1416 1984 bonorum
1439 1922 1471 1984 in

140 2023 285 2090 bonorem
317 2024 375 2089 Dei
407 2026 440 2088 et
472 2024 565 2089 beate
598 2023 723 2106 virginis
756 2023 853 2087 Maric
886 2027 917 2088 ct
949 2025 980 2087 iu
1014 2024 1233 2090 remissionem
1265 2031 1469 2110 peccatorum

141 2136 310 2197 nostrorum
332 2132 374 2197 ad
396 2133 515 2197 dictum
536 2136 729 2197 conventum
751 2132 971 2196 transtulimus
992 2132 1162 2198 liberaliter
1183 2135 1386 2202 conterendo.
1423 2137 1472 2203 Ne

141 2244 240 2305 autem
260 2241 441 2326 hujusmodi
462 2240 697 2307 ordinationem
718 2239 831 2322 uliquis
858 2240 889 2304 in
911 2243 1075 2322 posterum
1105 2246 1270 2324 presumat
1290 2244 1472 2327 intringere,

142 2369 264 2433 presens
292 2351 444 2432 scriptum
476 2350 564 2432 sigilli
595 2349 693 2414 nostri
725 2348 900 2413 munimine
930 2347 1060 2414 lecimus
1090 2350 1243 2417 roborari.
1287 2352 1368 2417 Acta
1399 2359 1474 2420 sunt

142 2460 195 2524 bec
228 2477 312 2523 anno
348 2457 475 2523 Domini
512 2459 678 2523 millesimo
715 2457 933 2523 ducentesimo
972 2457 1236 2541 quinquagesimo
1273 2466 1382 2539 sexto;
1422 2464 1473 2529 die

142 2566 319 2642 Clementis;
350 2584 458 2630 coram
487 2565 622 2630 testibus
650 2566 828 2631 subnotatis
857 2585 992 2647 quorum
1015 2568 1145 2632 nomina
1166 2573 1241 2634 sunt
1261 2570 1336 2636 hec:
1367 2570 1473 2637 Gode·

140 2673 252 2741 scalcus
287 2676 405 2752 custos
440 2672 524 2757 Gyzo
557 2675 740 2739 scolasticus
771 2674 1040 2756 Osnaburgensis;
1078 2673 1264 2741 Wicboldus
1294 2679 1335 2744 de
1369 2678 1472 2759 Holte,

140 2782 335 2849 Hermannus
367 2782 408 2847 de
441 2780 598 2863 Hastorpe
636 2781 772 2857 nobiles;
812 2781 1016 2866 Gyselbertus
1050 2783 1090 2848 de
1122 2783 1359 2869 Bissenthorpe,
1396 2787 1473 2854 Otto

139 2892 235 2957 dictus
264 2891 363 2970 Friso,
396 2889 542 2955 Hinricus
574 2890 675 2955 dictus
708 2889 815 2969 Vinco,
850 2887 1012 2954 lohannes
1046 2890 1257 2974 Camerarius,
1291 2895 1473 2962 Gerhardus

139 3002 179 3066 de
197 3002 331 3083 angara,
354 2999 521 3066 Conradus
544 2999 582 3064 de
605 2998 848 3076 Brochterbeke,
871 2997 1060 3064 Lambertus
1082 3001 1204 3082 Budde,
1232 3002 1473 3089 Widikindus,¹)

138 3109 284 3177 Ludolius
323 3109 438 3186 Uncus,
474 3106 616 3173 Thomas
653 3107 693 3171 de
729 3106 897 3187 Tlrettene,
935 3106 1028 3189 Hugo
1060 3109 1101 3174 de
1133 3109 1252 3188 Horne,
1285 3112 1473 3197 Ludollusi)

140 3215 256 3299 dapifer
276 3216 389 3283 milites
412 3216 515 3280 etalii
538 3214 640 3280 clerici
663 3218 693 3279 et
715 3215 784 3280 laici
807 3234 903 3298 quam
926 3217 1042 3299 plures.

239 3376 260 3443 ¹)
278 3380 333 3431 bon
350 3373 565 3446 titeltcnointet?
584 3405 617 3413 —
637 3375 659 3441 ²)
679 3379 732 3430 bon
753 3373 940 3444 tirotbterbctt.

257 3517 429 3603 butgfieget
450 3535 490 3584 on
512 3515 823 3601 ilecgoueotltteitcn.

145 3856 263 3925 163.-
283 3859 376 3931 1257.

298 3991 412 4076 titibol
427 3993 536 4060 titano
559 3991 734 4059 beurtunbet
754 3993 799 4059 bie
815 3991 1069 4078 tietgttbtteiitung
1085 3992 1139 4073 out
1156 3993 1210 4060 ben
1227 3994 1323 4060 roten
1339 3994 1474 4077 gebeton

298 4111 356 4168 aua
376 4100 398 4164 4
415 4100 525 4179 urben,
546 4097 693 4166 sanuel
715 4099 775 4166 unt
798 4100 879 4166 einer
902 4099 1010 4183 litibte
1033 4101 1065 4167 io
1088 4101 1187 4183 droco
1209 4119 1268 4168 oon
1289 4101 1400 4168 &citer
1423 4102 1475 4168 bea

298 4207 416 4276 attacta
446 4207 573 4291 Sobara
603 4208 671 4275 tior
702 4207 761 4274 uno
793 4205 886 4288 [oinct
917 4207 1079 4289 liemcbtiu
1109 4206 1265 4290 attitiae,
1299 4206 1385 4289 ionic
1419 4210 1474 4276 ben

298 4315 414 4399 batoni
436 4316 497 4382 unt
519 4315 565 4382 bie
589 4313 764 4399 suentana
787 4314 936 4393 besletben
958 4315 1043 4399 bord
1066 4315 1119 4382 ben
1141 4315 1372 4400 ibomldolciter
1391 4315 1473 4401 dioto

297 4442 336 4491 cu
356 4425 411 4492 ben
434 4422 572 4508 {inpubes
593 4424 644 4491 bct
667 4424 786 4506 Raoette
808 4425 869 4490 unt
893 4425 945 4491 bes
967 4424 1074 4492 titiam
1097 4425 1147 4491 bec
1169 4425 1209 4509 bt.
1233 4425 1352 4506 biario,
1382 4431 1472 4493 untes

298 4535 347 4601 tet
367 4533 559 4617 idebingung,
589 4531 647 4612 bob
674 4531 725 4599 bec
746 4532 854 4614 [catere
876 4532 988 4617 genitia
1010 4533 1150 4617 itigabcn
1173 4531 1278 4617 betula
1300 4532 1472 4601 litemorien

298 4642 347 4723 titt
372 4644 427 4709 ben
449 4640 645 4725 &deotpato
675 4660 715 4707 au
737 4642 792 4708 beu
816 4641 956 4709 (btictner
978 4642 1029 4709 bes
1052 4640 1227 4724 bobottors
1260 4643 1320 4708 uno
1349 4643 1395 4710 bie
1416 4642 1474 4711 tie:

298 4748 368 4831 litet
390 4750 440 4818 bet
462 4751 525 4817 niet
547 4767 642 4817 neuen
664 4755 788 4817 unteten
811 4749 1049 4827 brentonicum
1070 4769 1105 4835 gu
1128 4750 1227 4830 tritten
1249 4749 1330 4834 trabe.

392 4882 536 5029 ἓτίρρίὲἒιῐε
563 4882 732 4955 brucardus.
769 4883 867 4942 brut:
896 4881 1067 4952 &tritutari
1084 4881 1257 4955 tssrltiittitbc
1275 4880 1422 4953 geitttbtitt
1440 4882 1474 4951 V,
