3210 5424
775 324 843 381 1272
1425 307 1487 372 325

127 488 293 570 emptione
325 487 524 552 ministrabit.
567 487 634 553 Nos
666 507 744 553 vero
776 507 835 573 pro
867 489 922 554 lali
952 490 1107 557 beneficio
1137 491 1181 556 sic
1212 491 1304 556 nobis
1326 510 1346 556 a
1367 509 1482 575 saepe-

127 596 220 662 dictis
247 589 348 661 tribus
375 595 428 680 pie
451 596 559 661 oblato
581 595 669 679 ipsos
690 597 834 663 omnium
855 598 1016 664 bonorum
1046 616 1129 681 quae
1163 597 1194 662 in
1217 598 1350 662 ecclesia
1372 602 1485 663 nostra

129 705 211 769 liunt
247 703 434 787 participes¹
458 705 688 785 constituimus,
730 710 762 771 et
804 727 916 772 eorum
953 707 1060 772 obitus
1100 706 1288 771 memoriam
1328 710 1487 789 perpetuo

129 813 279 878 volumus
301 813 483 879 observare.
528 811 577 878 Ne
599 817 708 878 autem
730 834 828 899 super
849 815 909 880 hiis
930 816 961 880 in
984 818 1152 897 posterum
1179 813 1294 897 aliquis
1315 812 1487 878 dubietatis

128 921 299 1005 scrupulus
320 921 426 986 valeat
447 921 591 1000 suboriri,
622 940 776 1003 praesens
798 924 951 1005 scriptum
974 939 1071 1004 super
1099 921 1161 986 boc
1183 921 1362 986 coniectum
1386 919 1486 1001 sigillo

128 1032 242 1107 nostro
258 1029 407 1094 duximus
422 1028 652 1095 roborandum.
674 1029 792 1095 Acium
809 1032 841 1094 et
855 1029 969 1095 datum
987 1048 1073 1096 anno
1085 1030 1213 1095 Domini
1223 1028 1485 1108 medanum,

129 1135 190 1199 Vl⁰
211 1136 286 1201 ldus
308 1135 505 1203 Decembris.

130 1509 199 1576 471.
221 1546 261 1556 -
283 1507 476 1589 orions,
499 1507 594 1588 1272,
616 1506 783 1592 Dormiat
805 1507 860 1579 10.

301 1644 367 1713 ibet
389 1643 529 1729 cratitio
551 1642 667 1726 Diidoi
689 1643 813 1712 ttonrm
836 1663 895 1712 oon
918 1644 1091 1712 Danobtird
1120 1644 1274 1731 ittettrdgt
1303 1646 1368 1712 bem
1390 1645 1487 1713 Dora:

299 1754 403 1836 topitct
437 1753 504 1836 nort
538 1752 683 1837 itarital·
702 1754 755 1843 ber
786 1753 954 1839 historicen
984 1753 1184 1839 chntttiipcr
1219 1754 1266 1821 bic
1294 1753 1403 1839 Dogtci
1433 1753 1485 1822 tce

296 1860 391 1930 brios
414 1861 615 1947 duliiani),
645 1861 746 1943 melda
775 1862 827 1929 ter
849 1861 1001 1945 Dombcrt
1023 1859 1146 1929 torcat
1169 1858 1257 1941 bote,
1292 1861 1412 1944 briter
1434 1862 1486 1930 ber

296 1968 444 2052 bactron
466 1968 614 2049 diethart,
648 1986 707 2037 oon
740 1969 805 2036 bem
838 1969 931 2035 bomit
963 1967 1116 2052 bctebnten
1148 1967 1486 2037 paritersanctum

299 2077 444 2159 &tetrica
477 2080 539 2144 aab
570 2077 664 2158 belim
694 2076 895 2162 chnsbmrn,
927 2077 992 2144 bem
1023 2076 1186 2160 uictberct
1208 2075 1366 2154 bctmmm
1389 2075 1486 2159 bobr,

297 2185 378 2271 itant
400 2205 458 2253 aon
482 2184 649 2265 Diontenr,
672 2184 789 2270 patruit
813 2183 902 2267 batte.

395 2320 539 2392 aninot:
558 2319 729 2391 Dementia.
767 2318 867 2377 marr:
886 2317 1103 2389 Ditttteltrmpen
1121 2319 1147 2373 V
1166 2317 1204 2375 (ὅ.
1228 2318 1289 2372 318.

257 2439 292 2503 ln
326 2439 455 2505 nomine
488 2440 615 2506 Domini
649 2459 754 2506 amen.
799 2439 967 2505 Conradus
999 2438 1058 2504 Dei
1096 2440 1196 2520 gratia
1230 2438 1487 2520 Osnaburgensis

126 2547 261 2612 ecclesie
290 2548 408 2612 electus
441 2549 590 2614 omnibus
618 2551 727 2613 sancte
756 2546 867 2612 matris
889 2545 1020 2612 ecclesie
1041 2546 1112 2612 tiliis
1134 2540 1271 2612 salutem
1294 2547 1325 2612 in
1349 2566 1398 2627 eo,
1432 2549 1486 2631 qui

126 2659 177 2721 est
200 2673 276 2720 vera
298 2655 383 2721 salus
405 2656 559 2723 omnium.
604 2655 764 2734 Quoniam
795 2658 927 2740 propter
955 2655 1122 2720 hominum
1145 2655 1272 2721 labilem
1295 2657 1486 2723 memoriam

125 2764 239 2843 multa,
273 2781 336 2846 que
364 2762 424 2828 rite
459 2768 490 2830 et
522 2764 723 2830 laudabiliter
753 2764 844 2843 flunt,
876 2765 979 2829 tractu
1011 2763 1164 2846 temporis
1197 2782 1256 2847 per
1289 2763 1483 2830 oblivionem

124 2872 307 2949 abolentur,
345 2871 485 2936 maxime
524 2891 596 2937 cum
634 2872 784 2955 fragilitas
819 2872 961 2938 humana
993 2871 1121 2936 firmum
1158 2875 1300 2955 nequeat
1330 2875 1363 2936 in
1396 2876 1486 2939 tanto

125 2979 224 3044 seculi
255 2978 376 3044 lubrico
407 2981 517 3045 tenere
548 2979 724 3062 vestigium,
757 2999 889 3046 necesse
919 2984 977 3059 est,
1014 2982 1118 3060 ntea,
1153 2999 1216 3063 que
1238 2979 1362 3063 integra
1385 2985 1417 3046 et
1438 2983 1486 3046 in·

124 3087 286 3154 violabitis
317 3087 438 3153 servari
471 3087 600 3167 debent,
634 3087 741 3172 scripti
774 3087 950 3152 munimine
983 3088 1184 3153 roborentur.
1228 3086 1359 3153 Noverit
1391 3088 1486 3171 igitur

126 3199 196 3262 tam
227 3196 458 3261 modernorum
491 3214 589 3279 quarn
623 3197 723 3261 nostri
757 3196 911 3279 temporis
944 3196 1098 3262 industria
1128 3215 1362 3279 successorum,
1397 3198 1484 3279 quod

126 3303 243 3370 nobilis
269 3305 316 3368 vir
338 3303 542 3370 Hermannus
565 3303 668 3370 dictus
691 3303 794 3385 Hode,
816 3305 993 3370 advocatus
1019 3305 1060 3369 de
1082 3303 1257 3383 Blanlrena,
1280 3304 1484 3372 advocatiam

126 3411 295 3495 cujusdam
318 3412 434 3477 domus
455 3412 487 3476 in
509 3410 672 3478 Wliamen
695 3412 737 3478 ad
758 3412 974 3478 obedientiam
998 3411 1030 3477 in
1051 3411 1249 3497 Alrebelre1)
1271 3415 1485 3497 spectantem,

126 3538 227 3603 quam
259 3520 300 3586 de
333 3539 433 3586 manu
455 3523 566 3586 nostra
597 3520 709 3603 tenuit,
743 3524 776 3587 et
796 3521 967 3587 Swederus
999 3521 1101 3587 dictus
1129 3521 1170 3586 de
1191 3520 1346 3587 Sledesen
1381 3522 1484 3605 miles,

126 3630 183 3712 qui
205 3629 342 3695 eandem
364 3630 565 3696 advocatiam
588 3628 630 3695 ab
652 3631 722 3714 ipso
745 3630 903 3695 advocato
924 3630 957 3694 in
979 3629 1075 3695 feodo
1097 3629 1238 3711 tenebat,
1269 3630 1367 3696 ambo
1389 3634 1482 3700 nobis

125 3735 222 3802 nichil
244 3737 301 3803 sibi
323 3738 356 3803 in
379 3756 416 3802 ea
436 3738 515 3821 juris
536 3737 710 3802 retinentes
731 3736 831 3802 libere
853 3735 1055 3819 resignarunt
1077 3739 1109 3802 et
1130 3737 1288 3805 absolute.
1311 3739 1378 3804 Nos
1396 3760 1483 3822 vero,

125 3863 200 3909 curn
224 3863 264 3909 ex
285 3845 389 3911 officio
411 3849 522 3911 nostro
544 3844 732 3910 utilitatibus
755 3843 887 3910 ecclesie
908 3844 1001 3909 nobis
1023 3844 1193 3910 commisse
1225 3851 1382 3930 quantum
1411 3867 1484 3915 cum

125 3952 195 4018 Deo
217 3973 389 4037 possumus
412 3958 444 4019 et
465 3955 635 4022 honestate
656 3952 826 4039 providere
848 3957 1028 4032 teneamur,
1050 3956 1251 4022 advocatiam
1273 3958 1386 4041 ipsam,
1409 3977 1482 4024 cum

125 4079 200 4126 eam
217 4060 385 4128 Conradus
401 4063 503 4129 dictus
520 4064 628 4129 Uncus
652 4063 782 4130 ecclesie
804 4065 914 4128 nostre
933 4061 1115 4144 canonicus,
1137 4067 1213 4129 tunc
1233 4065 1483 4132 obedientiarius

124 4169 158 4233 in
180 4168 350 4251 Alrebelre,
384 4190 404 4237 a
434 4171 517 4237 dicto
539 4171 692 4237 Swedero
721 4189 780 4253 pro
808 4173 895 4234 certe
926 4170 1039 4236 emerit
1060 4170 1194 4255 pecunie
1217 4174 1405 4255 quantitate,
1439 4176 1482 4243 ad

122 4277 281 4344 honorem
303 4278 361 4344 Dei
383 4281 612 4364 omnipotentis
634 4282 667 4345 et
688 4279 772 4344 beati
794 4277 880 4343 Petri
903 4279 1040 4361 apostoli
1062 4298 1100 4344 ac
1121 4279 1290 4346 beatorum
1313 4283 1479 4350 martirum

125 4383 261 4468 Crispini
283 4390 315 4452 et
337 4385 527 4470 Crispiniani
557 4390 768 4470 patronorum
799 4388 984 4450 nostrorum
1014 4387 1151 4469 capitulo
1183 4390 1295 4454 nostro
1325 4390 1427 4455 multa
1448 4392 1481 4457 in

123 4492 186 4558 boc
208 4493 276 4577 ejus
297 4493 432 4559 utilitate
455 4496 592 4577 pensata
614 4493 804 4560 contulimus
837 4496 868 4558 et
897 4513 956 4577 per
984 4513 1118 4578 presens
1145 4496 1297 4580 scriptum
1321 4497 1421 4564 libera
1443 4518 1481 4566 ac

124 4604 282 4684 perpetua
304 4603 495 4668 conferimus
518 4603 700 4669 donatione.
722 4603 764 4667 Ut
786 4605 896 4668 autern
917 4620 1016 4685 super
1036 4603 1219 4687 hujusmodi
1236 4603 1321 4671 iacto
1337 4606 1481 4692 calump-

122 4709 279 4774 niantium
302 4710 405 4775 fomes
427 4712 630 4777 obmutescat
652 4711 795 4791 omnino,
817 4714 1001 4793 presentem
1024 4712 1185 4794 paginam,
1208 4732 1272 4796 que
1292 4714 1395 4797 ipsam
1410 4735 1480 4781 rem

123 4821 248 4900 gestam
277 4821 468 4886 immutabili
504 4821 634 4886 veritate
667 4823 825 4903 perpetuo
858 4819 1018 4901 loquatur,
1052 4819 1142 4902 sigilii
1173 4821 1273 4888 nostri
1305 4824 1481 4889 munimine

124 4925 274 4994 duximus
317 4928 544 4996 roborandam.
596 4929 678 4994 Acta
724 4930 800 4992 sunt
845 4925 905 4992 hec
949 4926 1169 5012 Osenbruglre,
1222 4948 1309 4997 anno
1351 4932 1481 4999 Domini
