3210 5424
753 390 818 446 1251
1418 377 1455 440 21

112 552 240 630 tuturis,
278 553 363 636 quod
396 553 628 639 B(aldewinus)
660 555 850 638 prepositus,
889 554 1080 641 Jo(hannes)
1118 556 1258 620 decanus
1291 558 1459 638 totumque¹

111 659 289 742 capitulum
311 660 558 742 Osnaburgense
580 661 622 725 ad
644 661 830 726 instanciam
852 664 884 726 et
905 681 1016 744 preces
1038 663 1157 728 domini
1180 664 1278 728 nostri
1299 663 1458 728 Brunonis

112 767 373 850 Osnaburgensis
390 768 480 833 electi
497 768 537 833 de
552 768 639 833 bona
654 768 817 834 voluntate
834 771 866 833 et
882 770 982 835 libero
998 770 1125 834 arbitrio
1145 775 1177 836 et
1197 772 1250 853 pia
1270 771 1458 836 liberalitate

111 875 331 941 emendationi
360 877 490 941 ecclesie
518 878 627 940 nostre
656 877 789 941 studens
820 877 984 958 diligenter
1011 879 1178 961 providere
1206 881 1325 961 pariter
1353 883 1385 944 et
1411 879 1459 944 in·

111 989 279 1049 cremento
300 1004 396 1049 omne
415 987 467 1068 jus
490 986 576 1068 quod
598 983 702 1068 ipsum
725 984 900 1069 capitulum
921 987 953 1050 in
975 985 1054 1050 silva
1076 1005 1139 1069 que
1162 986 1281 1068 vulgari
1302 987 1458 1052 vocabulo

111 1091 289 1175 Osterberg
309 1092 489 1176 appellatur
510 1095 542 1157 et
560 1095 613 1176 Jus
635 1093 721 1175 quod
752 1092 899 1157 homines
929 1092 1027 1176 ipsius
1054 1094 1180 1177 capituli
1208 1114 1248 1158 ex
1272 1095 1458 1160 auctoritate

112 1199 259 1282 ejusdem
281 1200 490 1283 possidebant
511 1219 583 1264 cum
606 1201 692 1265 omni
714 1200 892 1282 integritate
922 1205 954 1266 et
976 1201 1077 1266 fructu
1101 1206 1132 1266 et
1153 1221 1213 1266 usu
1236 1205 1267 1266 et
1288 1205 1458 1269 commodo

110 1308 245 1372 ecclesie
264 1311 373 1373 nostre
394 1310 482 1374 omni
505 1309 672 1392 questione
694 1313 726 1375 et
747 1310 995 1375 contradictione
1016 1311 1213 1375 cessantibus
1235 1313 1406 1393 assignavit
1428 1315 1460 1377 et

109 1417 352 1498 possessionem
377 1418 457 1500 juris
484 1417 613 1482 tradidit
639 1418 715 1482 silve
747 1421 924 1483 memorate
955 1419 998 1484 ita
1026 1419 1179 1497 videlicet,
1212 1423 1248 1483 ut
1274 1419 1314 1483 de
1346 1419 1460 1485 eadem

109 1524 192 1589 sssva
220 1525 400 1591 ordinanda
428 1529 461 1590 et
489 1526 690 1608 disponenda
718 1529 750 1590 et
780 1525 921 1609 stirpitus
952 1526 1143 1590 eradicanda
1170 1526 1302 1592 liberam
1334 1531 1366 1590 et
1387 1546 1461 1610 per·

109 1635 231 1699 tectam
254 1634 373 1700 babeat
394 1634 585 1700 facultatem.
608 1635 704 1717 Igitur
726 1634 858 1700 ecclesia
873 1637 983 1699 nostra
998 1634 1098 1699 sancti
1112 1634 1267 1699 iohannis
1288 1633 1461 1700 affectuose

109 1748 144 1808 et
166 1762 228 1826 pro
248 1761 346 1826 posse
367 1762 427 1808 suo
447 1744 557 1810 matris
579 1761 637 1808 sue
660 1744 788 1827 majoris
810 1742 940 1808 ecclesie
962 1741 1093 1825 cupiens
1111 1742 1306 1824 respondere
1325 1743 1461 1823 gratuite

109 1853 292 1918 liberalitati
322 1855 447 1935 septem
478 1854 596 1919 solidos
625 1856 657 1917 et
685 1872 742 1917 sex
772 1852 919 1918 denarios
947 1851 1066 1916 usualis
1088 1855 1216 1916 monete
1243 1852 1275 1916 in
1300 1871 1453 1934 compen-

109 1963 272 2028 sationem
298 1963 378 2046 juris
407 1962 456 2027 sui
486 1963 590 2028 cidem
621 1960 753 2026 contulit
780 1964 812 2026 et
841 1961 1012 2044 assignavit
1041 1981 1099 2044 per
1125 1980 1240 2026 manus
1270 1961 1382 2027 decani
1404 1961 1453 2025 vel

110 2071 243 2135 alterius
276 2070 381 2135 fratris
416 2089 513 2154 quem
541 2070 715 2154 capitulum
745 2071 787 2135 ad
815 2069 877 2134 hoc
905 2069 1110 2134 destinaverit
1142 2070 1196 2133 uni
1228 2089 1267 2134 ex
1301 2070 1460 2134 canonicis

110 2199 211 2263 quem
240 2180 346 2262 majm
377 2179 507 2244 ecclesia
536 2179 578 2244 ad
606 2179 666 2244 hoc
688 2178 880 2245 ordinaverit
901 2177 1046 2260 proxima
1068 2178 1118 2242 die
1140 2182 1213 2260 post
1235 2177 1459 2243 exaltationem

108 2291 222 2352 sancte
239 2288 340 2353 crucis
357 2288 487 2370 singulis
508 2289 600 2353 annis
622 2289 777 2369 perpetuo
800 2284 998 2351 exhibendos
1020 2289 1051 2349 et
1073 2285 1254 2350 solvendos.
1276 2284 1339 2349 Sex
1363 2283 1457 2349 etiam

107 2398 237 2463 modios
266 2397 357 2462 tritici
388 2417 447 2480 per
475 2396 677 2463 claustralem
709 2411 892 2459 mensuram
922 2394 953 2458 in
985 2395 1102 2477 quibus
1132 2393 1264 2458 ecclesia
1293 2395 1397 2477 major
1418 2394 1460 2458 de

108 2506 306 2590 quibusdam
321 2505 405 2589 agris
417 2506 509 2589 juxta
525 2504 700 2587 Slagvorde
723 2501 789 2567 sitis
810 2505 919 2566 nostre
941 2501 1073 2567 ecclesie
1094 2502 1224 2584 singulis
1246 2502 1337 2566 annis
1360 2503 1461 2567 extitit

108 2614 251 2697 obligata
284 2618 440 2697 perpetuo
472 2618 504 2679 et
535 2611 781 2678 irrevocabiliter
812 2611 966 2676 relaxavit
1000 2612 1113 2678 eidem.
1158 2611 1206 2676 Ne
1237 2610 1332 2693 igitur
1364 2630 1460 2694 super

107 2722 327 2804 assignatione
360 2725 393 2787 et
421 2722 590 2788 traditione
624 2721 703 2804 juris
740 2719 827 2802 quod
864 2719 995 2784 ecclesia
1037 2720 1140 2803 maj0r
1173 2719 1285 2785 habuit
1318 2720 1348 2784 in
1382 2719 1460 2784 silva

108 2834 292 2894 memorata
313 2830 363 2894 vel
384 2830 525 2913 ipsorum
547 2829 693 2894 homines
723 2827 933 2911 possidebant
962 2831 994 2893 et
1019 2846 1061 2892 ne
1083 2827 1224 2893 similiter
1245 2847 1342 2911 super
1363 2828 1460 2894 colla-

107 2939 199 3003 tione
220 2941 253 3002 et
273 2937 488 3020 assignatione
509 2941 633 3022 septem
656 2937 830 3002 solidorum
853 2939 885 3001 et
904 2955 961 3001 sex
983 2936 1187 3001 denariorum
1209 2938 1241 3000 et
1261 2935 1459 3001 relaxatione

107 3066 168 3113 sex
185 3045 366 3111 modiorum
384 3046 474 3111 tritici
490 3046 572 3111 inter
588 3047 753 3112 ecclesiam
770 3047 925 3129 majorem
943 3048 976 3109 et
991 3048 1131 3111 nostram
1150 3044 1315 3109 ecclesiam
1329 3045 1461 3128 possitltl

106 3154 305 3238 aliquatinus
335 3153 367 3219 in
396 3158 562 3238 posterum
592 3155 641 3221 vel
663 3156 797 3221 anobis
827 3155 876 3219 vel
897 3172 918 3218 a
938 3154 1054 3218 nostris
1085 3151 1320 3218 successoribus
1349 3153 1386 3217 lis
1409 3154 1458 3218 vel

108 3263 329 3329 controversia
350 3263 492 3348 possit(t)
518 3263 661 3328 suscitari
690 3262 741 3328 vel
770 3261 894 3345 questio
916 3260 1062 3326 inefficax
1085 3260 1219 3325 suboriri
1241 3264 1272 3324 et
1295 3264 1330 3326 ut
1351 3261 1460 3327 omnia

107 3374 282 3455 prenotata
317 3371 533 3437 irrevocabilia
565 3375 598 3437 et
629 3372 717 3438 salva
755 3376 786 3437 et
819 3371 851 3436 in
882 3389 963 3455 pace
999 3372 1239 3449 conserventur,
1276 3374 1461 3452 presentem

107 3481 262 3562 paginam
295 3485 328 3546 et
358 3480 403 3543 rei
435 3484 524 3561 geste
556 3480 703 3545 ordinem
736 3483 768 3544 et
804 3479 919 3543 seriem
952 3477 1086 3544 fideliter
1118 3479 1333 3543 continentem
1362 3480 1461 3562 sigillo

109 3586 243 3653 ecclesie
272 3591 381 3653 nostre
411 3589 629 3670 consignatam
662 3588 792 3653 ecclesie
825 3588 938 3670 maj0ri
968 3585 1159 3652 contulimus
1188 3586 1219 3650 in
1246 3585 1461 3652 testimonium

110 3700 144 3760 et
174 3695 350 3760 munimen.
393 3695 475 3761 Acta
503 3700 578 3761 sunt
606 3696 666 3761 hec
697 3715 782 3761 anno
809 3694 940 3760 Domini
961 3694 1154 3772 Mruc⁰u103
1183 3698 1297 3778 quarto
1318 3695 1367 3759 Kl.
1388 3695 1460 3761 Mai.

111 3802 226 3867 Testes
256 3807 364 3867 autem
394 3802 490 3887 hujus
518 3804 564 3869 rei
594 3808 680 3869 sunt:
714 3803 935 3869 Willehelmus
956 3804 1148 3887 prepositus,
1181 3803 1287 3868 Berno
1309 3803 1459 3884 decanus,

113 3910 237 3975 Olricus
269 3910 495 3990 thesaurarius,
532 3911 684 3978 Ernestus
716 3912 909 3990 scolasticus,
946 3911 1130 3978 Tbitmarus
1163 3916 1195 3977 et
1228 3912 1459 3998 H(ermannus)

113 4020 215 4085 dictus
236 4019 279 4084 de
301 4018 454 4097 Hustede,
488 4019 691 4085 Hermannus
713 4018 852 4098 iuvenis,
882 4020 1032 4102 magister
1054 4020 1231 4102 Hilligerus,
1262 4019 1459 4100 Godebidus,

112 4127 335 4210 tlarquardus,
367 4127 567 4206 Frumoldus,
596 4128 807 4211 Engelbertus
835 4133 868 4194 et
896 4147 1007 4193 omnes
1029 4128 1170 4193 canonici
1200 4127 1330 4192 ecclesie
1352 4130 1459 4192 nostre

112 4235 357 4319 quibuscunque
379 4236 542 4301 vocabulis
564 4239 765 4302 censeantur.

240 4364 428 4451 &titillanti
449 4387 491 4436 on
512 4367 813 4454 bergomentitreiicn
840 4365 954 4453 (ticli.
977 4365 1087 4452 &icgct
1110 4365 1182 4446 160,
1204 4364 1249 4450 8).

241 4499 447 4585 dictamine
458 4499 644 4583 auctorit:
668 4501 708 4565 de
724 4500 878 4583 pensione
897 4518 996 4583 quarn
1015 4499 1188 4581 capitulum
1204 4498 1302 4562 sancti
1315 4497 1458 4563 iohanns

114 4608 206 4673 solvit
227 4610 340 4692 majori
363 4609 499 4692 capitulo
525 4628 585 4691 pro
607 4608 773 4674 novalibus
801 4608 918 4674 montis
939 4605 1192 4692 Westerberg(!)
1210 4607 1302 4690 juxta
1323 4606 1458 4670 Blalren·

114 4715 236 4799 thorpe.
