3210 5424
737 340 803 396 127⁷
1384 321 1446 386 407

95 505 376 587 supranominatus
398 505 596 570 advocatiam
620 505 702 569 dicte
724 504 854 568 ecclesie
877 503 1069 586 quibusdam
1088 502 1238 566 militibus
1256 502 1450 585 porrexisset

96 613 128 676 in
162 614 290 677 feodum
325 617 356 677 et
389 613 532 696 ejusdem
563 613 727 679 advocatie
758 611 987 694 proprietatem
1017 609 1223 675 Hermannus
1253 610 1344 674 miles
1374 610 1448 676 dicti

96 720 252 785 Wicholdi
280 720 361 784 iilius
391 725 423 786 et
451 741 553 805 nepos
583 740 659 787 suus
682 722 878 799 Lodewicus,
912 720 984 784 dicti
1010 717 1189 783 Hermanni
1218 718 1309 797 iilius,
1343 717 1447 782 eidem

96 830 289 895 monasterio
312 829 527 908 contulissent,
550 831 663 912 postea
686 834 717 893 et
739 828 885 894 advocati
907 827 1010 892 taliter
1032 826 1184 892 infeodati
1206 830 1241 890 ut
1255 825 1448 908 procbdolor

95 939 190 1002 hodie
207 939 304 1002 moris
321 941 369 1002 est
386 942 417 1001 et
433 931 566 1001 morbus
583 934 762 1002 communis
778 936 933 1001 nobilium
949 939 980 999 et
1001 935 1146 1014 aliorum,
1170 934 1224 1019 qui
1244 936 1448 1000 ecclesianim

95 1051 168 1111 sunt
191 1047 346 1124 advocati,
373 1046 488 1110 dictam
512 1043 676 1108 ecclesiam
701 1044 731 1108 in
754 1043 973 1109 Westerstede
994 1065 1060 1109 non
1082 1048 1257 1122 tuerentur,
1289 1048 1384 1127 prout
1406 1044 1448 1110 ad

95 1157 265 1219 advocatos
288 1157 434 1235 spectare
456 1152 638 1230 dinoscitur,
662 1169 773 1215 verum
796 1151 898 1232 ipsam
921 1152 1088 1218 ecclesiam
1110 1153 1142 1217 in
1164 1153 1256 1218 bonis
1277 1154 1342 1218 suis
1364 1155 1447 1218 adeo

96 1265 310 1340 devastarent,
342 1265 378 1325 ut
410 1261 539 1342 quidam
574 1259 614 1324 de
648 1258 768 1323 mansis
801 1258 959 1324 bonorum
990 1261 1167 1325 eorundem
1200 1265 1368 1326 manerent
1400 1262 1449 1327 in·

96 1371 168 1435 culti
201 1374 232 1434 et
261 1370 313 1452 qui
345 1369 494 1433 colebant
523 1369 711 1450 pensionem
742 1366 882 1431 debitam
912 1368 994 1433 dicte
1017 1368 1147 1434 ecclesie
1170 1371 1304 1453 eJusque
1325 1371 1447 1453 pastori

96 1499 160 1541 non
183 1480 314 1558 possent
343 1476 525 1558 persolvere
551 1494 590 1540 ac
611 1476 744 1541 tandem
766 1476 933 1543 advocatia
954 1477 1098 1560 predicta
1119 1478 1239 1543 venalis
1261 1478 1449 1561 preberetur

96 1585 261 1649 Gerhardo
284 1589 359 1648 tunc
380 1584 533 1667 temporis
553 1584 673 1665 pastori
690 1587 722 1648 et
739 1603 798 1649 nec
817 1585 900 1648 idern
918 1585 1100 1650 Gerhardus
1116 1588 1171 1651 aut
1186 1585 1301 1650 litones
1317 1587 1449 1652 ecclesie

96 1695 255 1775 sepedicte
278 1693 320 1757 ad
343 1693 516 1757 emendum
538 1691 588 1756 vel
611 1692 833 1757 redimendum
857 1693 959 1776 ipsam
977 1693 1179 1759 advocatiam
1198 1693 1390 1774 sufficerent,
1413 1698 1449 1759 ut

94 1803 138 1865 sic
160 1801 291 1865 ecclesia
313 1802 355 1864 ab
378 1799 586 1883 oppressione
608 1800 836 1865 advocatorum
859 1801 1057 1880 liberaretur,
1080 1802 1227 1867 convenit
1247 1803 1329 1866 inter
1345 1803 1450 1868 abba·

94 1912 203 1973 tissam
221 1912 253 1971 et
269 1911 461 1972 conventum
478 1907 519 1972 de
536 1908 780 1990 Bersenbrugge
797 1914 943 1991 exparte
960 1928 1025 1974 una
1047 1909 1230 1992 dictumque
1247 1908 1448 1976 Gerhardum

96 2020 258 2098 pastorem
277 2018 308 2078 et
330 2033 439 2079 servos
461 2015 590 2080 ecclesie
612 2016 645 2080 in
670 2013 885 2081 Westerstede
908 2036 947 2081 ex
970 2016 1080 2095 altera,
1112 2017 1199 2098 quod
1224 2018 1361 2098 pecunia
1390 2037 1449 2101 pro

97 2142 160 2204 qua
192 2123 253 2185 erni
285 2122 394 2186 debuit
427 2126 460 2187 et
492 2124 659 2188 emebatur
691 2124 775 2190 dicta
804 2125 981 2203 advocatia,
1017 2145 1080 2208 que
1110 2126 1152 2191 ad
1181 2145 1342 2191 summam
1367 2126 1450 2192 XLV

97 2249 276 2294 marcarum
298 2231 449 2307 aseendit,
472 2231 514 2295 ab
536 2231 701 2296 abbatissa
719 2235 751 2295 et
773 2237 933 2298 conventu
954 2233 1102 2315 predictis
1124 2234 1343 2299 venditoribus
1365 2235 1449 2299 dicte

95 2340 260 2404 advocatie
282 2339 458 2404 solveretur
480 2343 512 2404 et
533 2340 647 2404 litones
668 2340 801 2423 predicti
824 2359 861 2406 ac
876 2340 1012 2406 heredes
1029 2359 1140 2405 eorum
1158 2340 1241 2405 ultra
1257 2343 1448 2424 pensionem

95 2449 268 2530 antiquam,
299 2466 395 2530 quarn
426 2446 468 2511 de
491 2447 611 2512 mansis
633 2448 697 2512 suis
720 2449 844 2513 solvere
866 2452 1110 2526 consueverunt,
1141 2446 1306 2513 Gerhardo
1329 2448 1449 2531 pastori

93 2557 234 2638 predicto
258 2560 289 2621 et
310 2557 375 2620 suis
398 2556 633 2621 successoribus
656 2556 736 2621 duas
758 2575 882 2621 marcas
904 2556 946 2621 ad
963 2574 1039 2619 usus
1058 2555 1240 2621 monasterii
1256 2555 1289 2620 in
1311 2555 1449 2620 Bersen·

93 2666 213 2745 brugge
244 2664 408 2729 annuatim
438 2665 658 2746 persolverent
685 2667 717 2728 et
746 2663 814 2729 illas
845 2667 964 2747 pastor,
998 2664 1050 2747 qui
1081 2667 1164 2729 esset
1195 2683 1256 2745 pro
1290 2667 1448 2747 tempore,

94 2774 227 2837 fideliter
257 2774 396 2854 exigeret
427 2777 458 2836 et
488 2771 682 2838 monasterio
711 2776 911 2856 presentaret
942 2771 1107 2855 prelibato.
1152 2772 1259 2850 Quare
1285 2774 1448 2839 abbatissa

94 2882 273 2963 prepositus
296 2885 327 2943 et
349 2884 525 2945 conventus
547 2880 607 2945 loci
629 2880 727 2963 ipsius
748 2880 909 2945 humiliter
932 2881 1025 2946 nobis
1047 2881 1275 2964 supplicarunt,
1307 2887 1341 2946 ut
1371 2900 1448 2946 eon-

93 2993 230 3053 tractum
251 2987 435 3070 hujusmodi
460 2992 566 3052 ratum
587 2987 745 3052 habentes
774 2992 805 3052 et
827 2987 955 3053 firmum
977 2987 1166 3053 auctoritate
1188 2989 1348 3054 ordinaria
1371 3007 1447 3053 con-

93 3098 221 3161 firmare
244 3113 436 3161 curaremus.
480 3094 546 3160 Nos
577 3115 652 3161 vero
679 3096 730 3178 pie
760 3095 1008 3172 considerantes,
1041 3094 1129 3177 quod
1158 3094 1243 3159 idern
1266 3097 1447 3160 contractus

94 3204 174 3270 licite
204 3205 272 3269 fieri
304 3203 407 3285 potuit
439 3205 628 3268 necessitate
660 3207 793 3285 cogente
820 3203 861 3268 de
891 3201 1019 3285 capituli
1049 3203 1147 3266 nostri
1181 3202 1310 3267 consilio
1341 3203 1447 3285 ipsum

95 3314 292 3376 contractum
325 3311 513 3375 auctoritate
546 3311 705 3376 ordinaria
738 3309 771 3375 in
804 3309 933 3374 nomine
966 3309 1094 3374 DomIni
1126 3309 1383 3376 confirmavimus
1416 3315 1449 3377 et

95 3421 294 3503 presentibus
328 3419 564 3485 confirmamus.
608 3418 645 3482 ln
677 3421 766 3502 cujus
801 3418 873 3483 facti
905 3419 1004 3482 nostri
1034 3416 1130 3481 fidem
1165 3421 1198 3481 et
1230 3416 1447 3483 testimonium

93 3549 227 3612 presens
264 3529 417 3610 scriptum
454 3527 617 3609 sepedicto
655 3525 850 3593 monasterio
888 3526 920 3590 in
953 3524 1196 3607 Bersenbrugge
1232 3525 1448 3592 concessimus

93 3642 203 3703 nostro
237 3641 268 3700 et
302 3634 428 3717 capituli
462 3634 562 3698 nostri
592 3632 698 3716 sigillis
728 3633 924 3700 roboratum.
968 3632 1050 3698 Acta
1076 3635 1151 3696 sunt
1176 3632 1237 3697 hec
1268 3632 1447 3700 incivitate

94 3742 345 3825 Osnaburgensi,
367 3761 453 3806 anno
476 3740 602 3805 Domini
624 3739 931 3822 M⁰CC⁰LXX⁰VH⁰,
954 3741 982 3805 ll
1003 3740 1165 3807 Kalendas
1187 3740 1314 3824 Aprilis.

202 3927 221 3991 ¹)
241 3923 347 3994 &rubet
366 3920 530 3992 tbompropit
549 3927 604 3978 bon
622 3919 790 3979 Danobtttct.

94 4375 167 4442 587.
190 4413 232 4423 -
253 4375 357 4463 beat,
380 4376 475 4458 1277,
497 4374 593 4460 &bril
617 4374 646 4446 7.

261 4516 342 4599 (lirul
369 4516 445 4584 nto
467 4535 527 4584 uon
549 4513 744 4598 aeneidon
774 4519 863 4582 anter
892 4514 985 4580 tenen
1015 4511 1198 4597 outgetlibtt,
1233 4513 1288 4581 init
1321 4513 1444 4597 melden

262 4622 311 4704 liri)
333 4629 384 4690 bet
405 4621 522 4705 titiant
544 4621 661 4688 &imon
683 4639 743 4688 oon
765 4619 942 4706 alubertum
973 4638 1064 4706 gagen
1088 4620 1143 4687 ben
1166 4620 1329 4706 &lilibet
1350 4623 1443 4708 bien:

262 4731 337 4812 ittet
359 4750 419 4799 uon
440 4730 521 4798 lt‘dln
543 4729 715 4798 uetbttnbet.

358 4852 694 5000 {leffnsspplcffieitt
717 4851 800 4911 uati.
819 4853 859 4908 IV
886 4850 936 4908 ur.
957 4851 1041 4920 1463)
1069 4849 1231 4920 bocombtet,
1259 4851 1441 4924 illabentem.

387 4966 443 4998 .=.
538 4955 560 4998 r.
634 4982 640 4996 .
