3210 5424
776 363 844 420 rara
1424 341 1487 407 313

127 521 228 602 ipsius
260 522 346 605 opidi
379 523 541 590 morientis
573 525 692 591 ibidem
724 526 785 593 alie
817 546 882 593 non
912 528 1075 593 dabuntur
1101 524 1225 603 exuvie,
1258 541 1339 607 quas
1369 523 1483 606 vulgus

126 627 259 711 perothc
280 630 434 710 nominat,
457 633 548 717 nisi1)
570 636 695 699 tanturn
719 639 823 700 vestes
845 636 943 719 ipsius
965 635 1095 719 optime,
1118 635 1150 698 in
1170 631 1286 717 quibus
1304 633 1375 714 ipsa
1393 631 1486 697 solita

128 736 189 801 fnit
210 739 385 820 procedere
405 740 449 804 ad
471 741 637 806 ecclesiam
668 743 698 807 in
729 744 842 809 diebus
864 743 1022 827 predictis.
1065 743 1144 807 Item
1176 760 1270 806 usum
1303 759 1423 824 pascue
1451 740 1484 804 in

129 845 249 911 markis
281 848 505 913 communibus
535 850 601 914 sitis
629 851 712 916 circa
742 852 846 935 ipsum
874 851 1006 935 opidum
1035 848 1156 914 civibus
1187 848 1372 913 memoratis
1406 865 1484 912 con-

127 953 284 1033 cedimus,
316 975 375 1020 nec
405 956 501 1021 iidem
530 958 626 1022 etiarn
658 958 742 1024 cives
772 959 896 1024 dabunt
921 957 1159 1035 ordenandum,
1192 959 1227 1021 ut
1256 955 1370 1037 vulgus
1399 954 1484 1034 dicit,

127 1063 211 1128 inira
242 1065 373 1146 opidum
409 1068 632 1131 memoratum.
677 1067 725 1132 De
758 1069 842 1149 agris
874 1067 1006 1150 insuper
1038 1065 1157 1130 ibidem
1190 1065 1256 1129 sitis
1290 1062 1380 1130 cultis
1390 1065 1415 1147 ¹)
1451 1066 1484 1129 et

127 1172 270 1237 colendis
292 1173 377 1238 idem
396 1174 449 1256 jus
471 1175 647 1256 habebunt,
670 1175 758 1258 quod
778 1175 933 1241 hactenus
955 1174 1146 1240 hahuerunt.
1177 1172 1213 1236 In
1236 1171 1366 1236 evidens
1388 1170 1482 1254 igitur

127 1280 346 1346 testimonium
369 1282 597 1364 premissorum
620 1287 786 1366 presentes
799 1283 919 1349 litteras
936 1282 1026 1366 sigilli
1043 1282 1143 1349 nostri
1157 1280 1332 1345 munimine
1349 1279 1483 1345 fecimus

125 1389 281 1455 roborari.
303 1390 420 1456 Actum
442 1391 651 1475 solempniter
672 1392 760 1475 apud
780 1393 913 1475 opidum
935 1391 1164 1474 supradictum,
1188 1390 1257 1472 ipso
1279 1388 1331 1454 die
1353 1406 1480 1454 annun-

125 1499 265 1564 tiationis
288 1499 425 1580 Domini,
445 1520 532 1566 anno
554 1501 702 1584 ejusdem
724 1499 846 1568 M⁰CC⁰
867 1499 1103 1584 septuagesimo
1126 1498 1239 1581 primo.

235 1631 257 1697 ¹)
276 1628 397 1702 outrage
415 1630 462 1701 put
480 1647 538 1688 nec.
558 1663 591 1672 -
611 1633 634 1702 ²)
653 1632 774 1704 nurture
792 1633 915 1690 culturis.

125 1891 207 1959 456.
229 1929 271 1942 -
291 1892 483 1976 madrid,
506 1892 602 1975 1272.
624 1892 721 1980 urm
743 1894 797 1967 29.

295 2025 405 2109 tuteli
435 2026 525 2094 (ittet
547 2044 605 2094 non
629 2025 790 2109 &trintum
822 2026 960 2095 tetunbet
992 2027 1047 2093 ten
1078 2025 1207 2110 torridu
1238 2025 1290 2092 nes
1321 2024 1481 2106 {interint
1515 2006 1520 2016 ’

295 2134 407 2218 niuno
429 2134 483 2218 out
504 2135 569 2202 bem
591 2134 705 2214 titoliet
727 2135 840 2204 neuere
862 2135 1047 2218 utereturne
1071 2134 1169 2203 (nutet
1191 2134 1224 2201 tn
1247 2132 1356 2213 irritet.

395 2267 495 2325 iDtud:
514 2267 675 2340 propensu,
692 2267 783 2341 {delli
802 2268 885 2327 nau.
904 2269 943 2324 Vl
963 2268 1013 2324 nu.
1034 2267 1094 2322 995.

256 2436 515 2453 .........
539 2385 642 2471 Hujus
665 2387 709 2451 rei
731 2390 829 2452 testes
851 2390 943 2452 sunt:
974 2384 1093 2450 Albero
1116 2385 1156 2449 de
1179 2383 1387 2462 Bernewede,
1410 2384 1478 2448 Ro·

126 2494 233 2559 dolius
255 2492 296 2558 de
318 2493 436 2572 Haren,
469 2493 636 2559 Wezcolus
665 2494 767 2559 dictus
793 2493 916 2572 Hirrus,
950 2491 1044 2574 Hugo
1073 2493 1114 2557 de
1136 2491 1240 2557 Wede
1266 2492 1394 2569 milites;
1428 2490 1483 2556 Jo-

126 2600 253 2666 hannes
275 2603 316 2667 de
338 2601 446 2681 Horst‚
479 2602 674 2668 Giselbertus
701 2603 742 2667 de
764 2601 871 2681 Horat,
904 2600 1092 2666 Thidericus
1120 2601 1161 2665 de
1183 2600 1290 2679 Horst,
1323 2599 1481 2666 Justacius

127 2709 169 2774 de
189 2707 330 2788 Rothon,
364 2708 500 2774 Rabodo
531 2709 572 2774 de
594 2708 786 2789 Getmunde,
819 2709 1010 2774 Bertholdus
1038 2708 1079 2773 de
1106 2709 1216 2789 Rusio,
1250 2708 1415 2773 Herwicus
1438 2709 1478 2774 de

126 2814 387 2895 Harlilreshusen,
422 2816 627 2881 Hermannus
657 2816 782 2896 Staclre,
821 2816 987 2882 Heinricus
1020 2819 1060 2883 de
1092 2816 1347 2900 Russenthorpe‚
1385 2816 1481 2882 Volc-

125 2924 230 2988 winus
252 2924 293 2988 de
315 2923 497 3006 Linthorpe,
529 2924 733 2991 Burchardus
755 2925 796 2990 de
818 2925 912 2990 Sture
942 2929 974 2990 el
1004 2924 1056 2990 elii
1078 2944 1177 3009 quarn
1199 2925 1318 3008 piures.
1361 2924 1481 2990 Datum

125 3034 158 3096 et
188 3033 297 3098 actum
323 3031 356 3096 in
376 3031 576 3115 Osenbruge,
610 3050 697 3098 anno
718 3031 846 3098 Domini
868 3032 1147 3114 temnuntur,
1181 3035 1296 3116 quarto
1317 3031 1479 3099 Kalendas

125 3139 253 3222 Aprilis.

123 3414 199 3487 457.
221 3452 260 3464 -
284 3414 378 3497 1272.
401 3414 488 3495 aaut
509 3416 562 3487 23.

294 3548 376 3633 (limi
408 3548 512 3616 tilbert
544 3567 602 3616 oon
635 3548 793 3633 uentrem
825 3549 963 3619 betunbet
996 3550 1041 3617 tte
1076 3550 1109 3616 in
1141 3549 1248 3631 leinun
1279 3549 1413 3632 (decidito
1442 3567 1478 3633 με

291 3656 451 3739 Εώῡίὶοτῑ
467 3656 590 3741 ettotpte
605 3645 816 3744 sttetttnpunp
839 3676 897 3726 oon
915 3659 1036 3727 durem
1051 3658 1093 3725 im
1111 3656 1270 3741 ttirdlpiet
1286 3657 1478 3742 uenonpn

291 3783 332 3832 on
354 3767 410 3832 tot
433 3764 518 3847 etin
539 3764 749 3850 tunpeuhorit.

389 3899 521 3972 neptun
540 3903 576 3957 tm
595 3900 695 3972 &tritt
715 3899 1024 3973 &nimpotitmcrldpen
1043 3897 1163 3969 urdine.
1201 3897 1273 3969 itud
1299 3896 1357 3954 tem
1377 3897 1476 3955 ibtud:

391 3986 543 4056 tssttmonss,
561 3985 650 4057 tssctti.
670 3984 755 4044 neu.
773 3987 816 4041 III
834 3985 885 4043 nr.
904 3987 964 4042 920.

250 4096 408 4161 Elbertus
429 4096 486 4161 Dei
519 4098 620 4179 gratia
649 4115 758 4161 comes
787 4097 827 4163 de
858 4097 1016 4162 Benthem
1048 4098 1198 4164 omnibus
1230 4097 1292 4163 hoc
1323 4097 1477 4181 scripturn

122 4204 236 4270 visuris
259 4208 372 4270 notum
395 4224 466 4269 esse
489 4206 643 4288 cupimus,
677 4204 765 4288 quod
797 4205 957 4270 constituti
985 4225 1094 4272 coram
1113 4206 1233 4289 judicio
1254 4208 1364 4270 nostro
1387 4205 1479 4271 Scot-

122 4315 216 4394 torpe
239 4312 429 4396 Rodolphus
452 4314 555 4379 dictus
577 4313 874 4393 Vromethemucke‚
908 4312 1089 4396 Hadewigis
1115 4332 1197 4379 uxor
1223 4312 1321 4396 ipsius
1343 4316 1376 4377 et
1398 4311 1480 4377 Wil-

122 4420 249 4485 helmus
271 4420 354 4485 filius
377 4422 554 4487 eorundem
576 4439 673 4486 omne
691 4423 754 4505 jus,
787 4422 875 4505 quod
906 4421 1072 4488 habebant
1099 4422 1151 4487 vel
1176 4422 1298 4487 habere
1331 4425 1479 4505 poterant

122 4529 157 4593 in
179 4528 274 4594 bonis
296 4548 359 4613 que
382 4530 528 4595 dicuntur
549 4528 738 4609 Modehove,
768 4530 836 4594 sitis
862 4531 895 4595 in
921 4530 1089 4613 parrochia
1111 4529 1317 4612 Wetringe,¹)
1352 4529 1478 4612 publice

124 4637 272 4701 absolute
309 4638 341 4701 et
378 4637 476 4702 libere
513 4635 722 4718 resignarunt,
760 4637 937 4703 dominium
974 4642 1007 4703 et
1046 4639 1277 4722 proprietatem
1320 4637 1478 4705 dictorum

122 4744 284 4809 bonorum
315 4745 347 4809 in
371 4764 485 4811 manus
508 4745 717 4827 ..priorisse
751 4747 783 4808 et
815 4749 990 4812 conventus
1024 4746 1056 4810 in
1077 4745 1276 4828 Lagenhorst
1301 4747 1373 4830 jure
1404 4764 1478 4829 per-

123 4854 223 4935 petuo
245 4853 313 4917 sine
336 4853 549 4919 diminucione
581 4853 721 4937 qualibet
742 4856 980 4936 transferentes,
1016 4857 1059 4922 ila
1091 4857 1178 4940 quod
1212 4856 1270 4939 ipsi
1304 4860 1336 4922 et
1366 4875 1478 4922 eorum

123 4959 299 5027 coheredes
321 4961 363 5026 ab
385 4963 472 5027 omni
495 4962 695 5045 impeticione
718 4965 875 5031 dictorum
898 4965 1056 5033 bonorum
1073 4969 1204 5033 omnino
1222 4967 1393 5033 cessabunt
1415 4986 1475 5035 nec
