3210 5424
727 337 795 394 laco
1377 323 1436 387 169

89 493 166 565 235.
188 535 230 546 -
251 497 441 580 ornabit,
463 499 558 581 1260,
580 498 665 579 brat
687 500 739 571 22

259 632 374 713 illidet
397 633 555 701 tiutbemin
576 653 635 702 oon
657 633 830 702 ornatruct
852 635 1004 719 tibertrttgt
1026 636 1090 702 bem
1109 636 1224 712 ttiotter
1242 634 1437 718 bcttcubttid

260 743 315 809 but
337 743 515 829 bigartium
546 744 640 812 breier
663 744 762 812 brien
783 746 816 811 iu
839 744 1000 818 Hellehus,
1031 743 1130 826 metdu
1161 744 1221 824 irin
1244 744 1437 829 betramum

259 852 310 919 ber
331 852 432 920 itiner
452 852 606 931 berruuun
628 872 687 921 non
708 853 867 937 battoma
889 855 953 920 tem
976 852 1089 929 ittottct
1111 852 1243 937 certauit
1264 854 1352 938 butte

356 985 498 1058 Crigtuol:
518 985 721 1057 &laureantia
761 984 860 1043 titud:
880 983 1029 1054 &rabboth
1047 983 1189 1042 ttttunbeu
1208 984 1259 1041 lit.
1278 987 1320 1042 93.

217 1103 418 1168 Baldewinus
441 1103 496 1167 Dei
519 1102 618 1185 gratia
641 1102 898 1185 Osnaburgensis
932 1101 1062 1168 ecclesie
1093 1104 1260 1187 episcopus
1288 1104 1436 1171 omnibus

91 1211 251 1294 presentia
272 1211 383 1276 visuris
405 1210 540 1275 salutern
562 1211 594 1276 in
617 1230 666 1288 eo,
689 1212 743 1294 qui
765 1213 815 1276 est
837 1213 979 1276 omnium
1002 1211 1097 1278 salus.
1125 1211 1220 1294 Vigor
1238 1212 1318 1296 juris
1341 1213 1437 1296 exigit

90 1321 122 1381 et
145 1316 225 1382 ordo
247 1318 375 1383 rationis
396 1317 540 1393 consulit,
574 1322 608 1382 ut
639 1318 785 1400 quotiens
808 1318 915 1401 aliqua
937 1321 1134 1399 ordinantur,
1167 1339 1229 1404 que
1251 1321 1294 1386 ad
1316 1321 1435 1387 cultum

90 1425 149 1489 Dei
170 1427 388 1508 ampliandum
412 1431 486 1491 sunt
508 1425 593 1491 utilia
611 1431 642 1491 et
660 1427 839 1492 animarum
858 1427 950 1493 saluti
966 1431 1146 1494 necessaria
1167 1429 1271 1493 modis
1288 1431 1436 1496 omnibus

90 1540 243 1600 caveatur
265 1539 296 1600 et
318 1536 531 1618 provideatur,
560 1540 596 1600 ut
623 1537 666 1600 sic
688 1535 835 1601 ordinata
857 1538 1011 1620 scripture
1033 1535 1214 1602 testimonio
1236 1537 1435 1618 roborentur,

90 1648 157 1709 tum
188 1648 224 1708 ut
256 1644 350 1709 ceteri
381 1643 491 1709 fideles
521 1643 704 1724 hujusmodi
737 1644 883 1727 exemplo
912 1645 953 1709 ad
975 1644 1086 1710 similia
1108 1649 1330 1729 provocentur,
1365 1648 1435 1710 tum

90 1754 187 1818 etiam
218 1772 260 1817 ne
289 1753 346 1817 rite
377 1753 521 1818 ordinata
551 1771 698 1817 successu
726 1753 877 1834 temporis
908 1755 1022 1819 astutia
1044 1755 1282 1837 malignantium
1306 1775 1437 1838 perver-

88 1865 205 1926 tantur.
249 1860 387 1925 Proinde
409 1861 488 1925 scire
511 1861 656 1926 volumus
677 1865 743 1927 tam
767 1866 931 1944 presentes
962 1882 1059 1946 quam
1091 1868 1249 1947 posteros,
1280 1865 1367 1948 quod
1389 1866 1437 1930 vir

87 1970 203 2035 nobilis
221 1970 426 2035 Hermannus
449 1969 552 2035 dictus
574 1970 614 2033 de
633 1968 807 2052 Harstorpe
830 1970 920 2034 miles
942 1989 1015 2036 cum
1036 1972 1200 2038 abbatissa
1225 1978 1255 2038 et
1277 1976 1436 2039 conventu

90 2080 131 2144 de
154 2080 392 2161 Bersenbrucge
414 2080 570 2158 convenit,
599 2079 742 2143 vendens
772 2081 892 2145 eisdem
922 2099 981 2162 pro
1016 2083 1142 2145 centum
1166 2082 1272 2162 viginti
1296 2082 1437 2165 quinque

90 2190 205 2253 marcis
236 2192 300 2252 tres
333 2189 447 2253 domus
468 2189 543 2251 sitas
566 2189 596 2251 in
620 2186 772 2252 Hellehus
807 2206 879 2252 cum
915 2188 992 2252 silva
1025 2188 1192 2272 adjacente
1224 2191 1256 2253 et
1288 2190 1438 2255 omnibus

91 2298 156 2363 suis
186 2297 382 2380 pertinentiis
412 2299 443 2360 et
473 2295 592 2360 colonis
622 2295 872 2362 inhabitantibus
903 2297 1003 2362 dictas
1036 2298 1162 2364 domus.
1206 2298 1245 2362 Et
1272 2298 1346 2381 quia
1368 2318 1440 2381 pre·

91 2408 246 2471 dictorum
268 2406 427 2470 bonorum
449 2404 626 2487 proprietas
648 2407 758 2468 nostra
780 2404 836 2470 fuit
859 2409 891 2468 et
908 2423 927 2468 a
946 2404 1038 2469 nobis
1064 2405 1194 2470 tenebat
1217 2405 1248 2469 in
1264 2405 1369 2486 feodo,
1386 2425 1441 2472 eas

90 2517 122 2580 in
150 2533 265 2580 manus
295 2517 420 2579 nostras
451 2513 549 2578 libere
576 2511 748 2594 resignavit
769 2511 956 2595 supplicans
981 2512 1105 2589 devote,
1135 2516 1170 2576 ut
1201 2512 1341 2595 ipsarum
1364 2533 1439 2598 pro-

91 2624 258 2705 prietatem
281 2621 404 2705 preiato
427 2623 594 2687 conventui
618 2620 762 2686 conferre
788 2620 1002 2701 dignaremur.
1046 2619 1111 2686 Nos
1142 2640 1217 2687 vero
1239 2622 1337 2704 ipsius
1359 2642 1438 2706 pen·

91 2735 161 2797 sato
195 2731 352 2796 desiderio
385 2734 416 2794 et
449 2730 595 2813 precibus
628 2728 767 2794 inclinati
799 2731 872 2810 post
902 2728 1035 2794 liberam
1068 2730 1312 2811 resignationem
1345 2751 1437 2797 suam

92 2841 316 2924 proprietatem
349 2838 603 2920 supradictorum
636 2838 797 2902 bonorum
831 2836 898 2901 Deo
931 2841 963 2901 et
996 2837 1091 2901 beate
1124 2837 1222 2902 Maria
1254 2858 1292 2904 ac
1323 2838 1438 2905 Christi

92 2949 262 3032 virginibus
293 2947 324 3011 in
346 2947 584 3026 Bersenbrucge
607 2946 675 3011 Deo
701 2946 913 3011 servientibus
937 2944 1162 3027 Cysterciensis
1191 2947 1308 3011 ordinis
1331 2952 1438 3013 nostre

93 3058 234 3142 dyocesis
256 3058 411 3138 perpetua
434 3053 623 3119 contulimus
647 3054 832 3121 donatione.
869 3054 903 3118 ln
927 3055 1018 3136 quus
1042 3055 1261 3137 resignationis
1284 3073 1321 3120 ac
1343 3055 1438 3121 colla·

92 3166 183 3231 tionis
216 3164 313 3230 fidem
348 3168 379 3228 et
412 3163 626 3227 testiinonium
663 3182 794 3245 presens
829 3163 979 3244 scriptum
1015 3167 1124 3227 nostro
1157 3163 1257 3246 sigillo
1290 3165 1437 3230 dommus

91 3275 318 3341 roborandum.
350 3272 466 3337 Actum
488 3274 520 3335 et
542 3271 653 3335 datum
677 3270 895 3351 Osenbrucge‚
925 3288 1011 3335 anno
1034 3270 1160 3335 Domini
1189 3270 1355 3337 millesimo
1378 3274 1438 3338 du·

92 3383 264 3449 centesimo
294 3379 375 3458 Lm,
413 3379 536 3444 decimo
569 3378 637 3442 Kal.
672 3377 753 3457 iulii,
786 3377 987 3460 presentibus
1019 3378 1207 3460 Alfgrimmo
1241 3380 1282 3446 de
1317 3381 1436 3466 Yburg,

90 3492 226 3557 ilenrico
249 3491 289 3556 de
311 3488 542 3564 Patherbume‚
577 3486 736 3550 canonicis
771 3484 901 3550 ecclesie
933 3489 1050 3564 nostre,
1083 3487 1237 3552 Lutberto
1260 3491 1437 3570 presbitero

91 3599 190 3666 sancti
212 3597 347 3675 Martini,
381 3595 544 3659 Wernone
567 3594 730 3676 preposito
753 3593 792 3658 de
816 3593 1064 3675 Bersenbrucge‚
1095 3592 1240 3661 iohanne
1272 3596 1437 3664 scolastico

89 3708 189 3774 sancti
205 3705 373 3782 lobannis3
395 3704 539 3769 Gerardo
561 3703 601 3767 de
616 3701 831 3784 Vareudorpe,
854 3700 1000 3766 iohanne
1018 3703 1058 3767 de
1075 3702 1243 3786 Erpinche‚
1266 3705 1436 3784 militibus;

89 3815 236 3882 iohanne
258 3815 298 3878 de
320 3813 501 3896 Northorpe
524 3816 556 3875 et
577 3811 644 3876 aliis
667 3828 764 3894 quam
787 3809 940 3892 pluribus.

217 3923 326 4008 eleget
346 3922 401 3989 mit
423 3917 723 4005 tietgerumtttreiten
745 3916 918 4003 abgetutten.

88 4249 167 4319 236.
191 4289 228 4300 -
252 4249 441 4330 oiuutrid,
464 4249 560 4327 1260,
583 4246 670 4326 burt
691 4247 743 4317 22.

261 4385 377 4467 bilibri
399 4383 556 4453 bathenia
580 4381 717 4449 tetunbet
739 4381 784 4448 bie
807 4380 1207 4465 uigentuununenrugung
1229 4380 1279 4448 ber
1302 4380 1436 4448 3brbcu

260 4495 292 4560 iu
314 4493 476 4568 Hellehus,
500 4492 554 4558 mie
576 4492 608 4557 in
631 4491 681 4558 ber
703 4490 826 4575 conger
849 4489 994 4556 ttrtuube.

357 4627 501 4700 Drtgtnutz
521 4626 725 4697 &tuutssurdrtn

217 4747 420 4813 Baldewinus
445 4748 498 4812 Dei
520 4748 620 4830 gratia
642 4745 898 4828 Osnaburgensis
929 4745 1058 4810 ecclesie
1089 4745 1257 4827 episcopus
1288 4745 1436 4809 omnibus

88 4857 251 4940 presentia
272 4856 384 4921 visuris
405 4861 515 4922 notum
539 4856 680 4933 iacimus,
713 4856 800 4938 quod
831 4855 946 4921 nobilis
969 4853 1015 4918 vir
1037 4853 1240 4918 Hermannus
1270 4854 1371 4919 dictus
1395 4853 1435 4919 de

89 4964 290 5049 Harstborpe
325 4964 414 5031 miles
443 4969 495 5050 jus
528 4967 621 5046 leodi,
655 4966 741 5050 quod
778 4965 890 5031 habuit
928 4965 961 5030 in
993 4966 1093 5030 tribus
1126 4965 1273 5030 domibus
1304 4967 1370 5030 sitis
1404 4965 1437 5030 in
