3210 5424
755 351 823 409 1254
1416 335 1458 401 93

229 514 432 581 Innocentius
448 516 614 599 episcopus
630 535 741 581 servus
757 534 920 580 servorum
939 513 995 579 Dei
1011 513 1164 579 universis
1180 513 1296 579 Christi
1312 512 1458 579 fidelibus

124 643 175 708 per
189 623 412 690 coloniensem
431 625 624 708 provinciam
649 624 825 689 constitutis
847 625 880 688 et
895 624 954 688 cet.
977 620 1145 701 Quoniam,
1167 625 1203 687 ut
1223 622 1267 686 ait
1285 621 1458 705 apostolus,

126 734 152 796 et
180 735 239 797 cet
272 750 375 814 usqne
407 733 502 796 vitam
536 734 690 798 eternam.
735 730 815 795 Cum
849 730 941 812 igitur
973 729 1076 794 dilecti
1108 729 1161 794 iiiii
1188 730 1394 797 ..decanus
1427 732 1459 794 et

126 840 286 923 capitulum
319 839 575 922 Osnaburgensis
612 840 743 906 ecclesie
779 837 977 917 cathedralis,
1015 838 1095 903 sicut
1130 856 1188 903 sua
1224 837 1316 903 nobis
1349 838 1458 920 petitio

127 949 314 1028 monstravit,
344 949 510 1014 ecclesiam
538 951 652 1033 ipsam,
683 966 745 1031 que
776 966 849 1013 cum
879 950 946 1012 tota
967 945 1205 1029 Osnaburgensi
1232 946 1354 1012 civitate
1382 964 1458 1011 casu

128 1054 286 1120 miserabili
316 1059 366 1121 est
395 1060 544 1134 cremata,
576 1056 617 1121 de
638 1074 722 1121 novo
744 1073 894 1138 reparare
916 1054 1044 1137 cupiant
1066 1073 1164 1137 opere
1185 1056 1383 1136 sumptuoso,
1415 1053 1457 1118 ad

131 1165 204 1248 pind
224 1162 364 1229 fidelium
386 1164 562 1230 subsidium
591 1182 661 1228 esse
684 1163 857 1228 dinoscitur
878 1163 1048 1246 plurimum
1072 1165 1277 1245 oportunum,
1305 1161 1459 1226 universi·

132 1275 216 1337 latem
238 1275 379 1337 vestram
400 1291 550 1355 rogamus
572 1276 604 1336 et
623 1272 788 1336 hortamur
809 1272 840 1335 in
863 1270 1000 1337 Domino
1022 1274 1055 1336 et
1076 1276 1137 1338 cet.
1159 1290 1262 1354 nsque
1283 1271 1458 1354 pervenire.

134 1379 186 1444 llos
213 1381 296 1444 enim
328 1380 370 1446 de
398 1381 623 1464 omnipotentis
652 1379 710 1445 Dei
739 1379 953 1445 misericordia
981 1383 1014 1445 et
1043 1381 1211 1445 beatorum
1241 1381 1458 1462 apostolorum

136 1486 203 1553 Petri
224 1492 256 1554 et
275 1487 365 1554 Pauli
396 1488 614 1573 apostolorum
644 1491 712 1572 ejus
740 1489 925 1554 auctoritaie
955 1488 1065 1554 conlisi
1094 1489 1243 1554 omnibus
1273 1507 1348 1553 rere
1370 1489 1459 1572 peni·

138 1597 257 1661 lentibus
290 1600 322 1662 et
352 1598 513 1679 confessis,
545 1599 599 1682 qui
629 1598 672 1663 ad
703 1597 868 1662 ecclesiam
899 1597 982 1663 hanc
1011 1617 1143 1663 manum
1173 1597 1370 1681 porrexerint
1401 1596 1460 1664 ad·

139 1704 271 1787 jibicem,
302 1725 404 1771 unum
433 1725 553 1771 annum
583 1710 614 1771 et
635 1704 705 1769 XL·
727 1703 795 1769 dies
823 1705 864 1770 de
893 1706 1033 1788 injuncta
1062 1706 1121 1771 sibi
1143 1704 1317 1788 penitentia
1338 1706 1460 1770 miseri·

142 1811 254 1877 corditer
275 1812 467 1893 relaxamus,
488 1814 689 1898 presentibus
710 1815 783 1896 post
805 1814 1077 1880 consumationem
1095 1815 1192 1897 ipsius
1209 1814 1314 1897 operis
1330 1813 1460 1879 minime

143 1919 267 1987 valituris
290 1920 378 1998 Quas
399 1920 480 1985 mitti
503 1925 535 2011 et
556 1926 671 1987 cetera.
694 1919 811 1985 Datum
833 1920 980 2003 Neapoli;
1001 1921 1109 1988 ldibus
1129 1921 1332 1998 Novembris;
1353 1922 1460 2006 ponti·

144 2026 232 2094 iratus
253 2029 352 2094 nostri
374 2047 460 2095 anno
482 2028 681 2095 duodecimo.

147 2495 197 2565 m.
214 2537 254 2549 -
275 2498 400 2586 tinto.
423 2502 514 2583 1254,
538 2500 712 2575 intentet
734 2500 785 2573 18.

288 2651 509 2736 borbtncdegot
531 2651 647 2736 ‘ileliae
668 2651 800 2737 beltdttgt
822 2651 878 2719 itt.
903 2653 963 2718 120
984 2651 1036 2736 lttr
1057 2651 1113 2719 boo
1135 2649 1219 2736 etin
1240 2651 1349 2737 anger.

386 2799 533 2944 ἓξίῃὲιέῗίε
571 2800 765 2872 &tcctboroito
795 2800 929 2872 bitetten
971 2801 1073 2860 bord:
1109 2800 1202 2873 &tnta
1230 2800 1274 2859 aa.
1302 2799 1386 2860 usn.
1413 2801 1463 2869 IV,

249 3022 362 3090 Petras
382 3026 589 3091 miseracione
605 3023 711 3091 divina
726 3026 826 3093 sancti
842 3025 966 3109 Georgii
983 3025 1025 3091 ad
1042 3023 1146 3089 velum
1162 3042 1296 3089 aureum
1311 3022 1463 3088 diaconus

151 3128 289 3197 cardinalis
311 3134 482 3215 apostolice
504 3134 588 3198 sedis
610 3134 733 3217 legatus
755 3134 874 3199 dilectis
897 3133 927 3197 in
945 3132 1071 3198 Christo
1084 3183 1091 3198 .
1104 3182 1113 3198 .
1126 3132 1248 3196 decano
1271 3132 1303 3195 ct
1324 3128 1462 3213 capitulo

151 3232 371 3319 turonensibus
393 3241 647 3325 Osnaburgensis
676 3243 809 3308 diocesis
840 3242 976 3307 salutem
1006 3241 1038 3305 in
1060 3239 1206 3304 Domino.
1249 3238 1345 3303 Lecta
1370 3235 1463 3303 nobis

151 3347 358 3432 rumpendo
379 3350 574 3430 continebat,
607 3352 693 3434 quod
724 3369 795 3414 cum
827 3350 958 3415 ecclesia
980 3348 1112 3414 lorensis
1135 3348 1175 3412 de
1196 3345 1338 3430 Angaria
1359 3345 1464 3410 Osna·

150 3446 288 3536 burgensis
310 3458 443 3524 diocesis
465 3460 576 3524 vestris
598 3459 638 3524 sit
660 3478 785 3524 annexa
807 3458 978 3543 prebendis
1000 3477 1137 3541 eamque
1159 3457 1385 3522 consueveritis
1406 3476 1465 3540 per

151 3557 273 3631 danum
295 3566 463 3646 deservire,
486 3567 672 3633 venerabilis
695 3567 911 3632 vir..electus
927 3566 1182 3649 osnaburgensis
1204 3565 1337 3631 utilitate
1358 3567 1465 3630 vestra

150 3662 192 3744 lit
207 3677 232 3737 el
251 3676 383 3758 provida
403 3676 658 3741 consideracione
679 3679 813 3759 pensata
835 3677 990 3741 ordinavit
1021 3678 1053 3740 el
1074 3675 1193 3754 statuit,
1223 3679 1260 3739 ut
1290 3675 1323 3739 in
1350 3674 1464 3739 eadem

152 3775 256 3847 eeclesia
270 3802 327 3866 per
343 3783 473 3848 ecclesie
492 3787 595 3848 vestre
611 3783 780 3849 canonicos
798 3784 973 3848 derservire
983 3783 1160 3848 successive
1177 3782 1306 3847 ulterius
1322 3783 1462 3848 valeatis.

151 3876 202 3948 Nos
218 3889 319 3974 itaque
340 3890 453 3956 restris
475 3893 596 3957 devotis
619 3892 764 3974 precibus
786 3891 923 3956 inclinati
954 3891 1039 3975 quod
1065 3892 1107 3956 ab
1129 3893 1244 3957 eodem
1266 3891 1367 3956 electo
1389 3910 1464 3973 prn-

151 3986 206 4057 vide
223 4000 397 4065 ordinatum
421 4002 454 4065 ot
475 4002 628 4064 statutum
658 4004 705 4065 est
731 4000 763 4064 in
785 3999 845 4065 hac
866 4005 957 4082 parte
978 4004 1083 4065 ratum
1106 4004 1139 4064 et
1159 4003 1283 4081 gratum
1306 3998 1462 4063 habentes

151 4094 176 4160 id
200 4109 374 4174 auctoritate
405 4108 603 4192 presencium
637 4109 862 4174 confirmamus
895 4114 926 4172 et
958 4111 1114 4192 presentis
1150 4108 1257 4191 scripti
1288 4105 1463 4190 patrocinio

151 4219 367 4283 memmimus.
410 4217 494 4281 Nulli
522 4236 596 4298 crgo
619 4216 748 4282 omnino
771 4217 935 4281 hominum
965 4217 1056 4283 liceat
1078 4218 1160 4282 hanc
1184 4217 1333 4300 paginam
1355 4218 1463 4279 nostre

152 4319 375 4391 tlOnilrmacionis
398 4325 565 4406 infringere
588 4326 636 4389 vel
659 4326 687 4390 ei
709 4344 790 4390 ausu
812 4326 980 4390 temerario
1002 4327 1168 4392 contraire.
1207 4325 1239 4388 Si
1262 4324 1332 4407 quis
1353 4327 1462 4387 autem

152 4418 200 4491 hoc
211 4437 392 4517 attemptare
408 4434 645 4517 presumpserit,
660 4433 911 4515 indignacionem
929 4433 1155 4517 omnipotentis
1171 4432 1227 4498 Dei
1247 4437 1278 4496 et
1295 4433 1463 4497 beatorum

152 4527 217 4602 Petn‘
235 4546 265 4606 et
284 4543 374 4608 Pauli
397 4544 613 4625 apostolorum
643 4544 711 4626 ejus
743 4562 777 4606 se
807 4544 930 4607 noverit
950 4543 1159 4607 incursurum.
1203 4540 1318 4606 Datum
1342 4539 1462 4616 Leodii3

153 4635 217 4711 XIlll
235 4649 389 4716 Kalendas
411 4650 608 4727 Decembris;
633 4669 718 4716 anno
740 4651 865 4716 Domini
886 4648 1130 4716 M⁰.C⁰C.Lllll⁰.

254 4785 300 4852 bn
322 4786 420 4869 turber
442 4784 660 4867 &eibenlcbmu
682 4785 737 4852 baa
759 4781 1003 4866 montetltrmige
1025 4781 1141 4866 &teget

254 4911 314 4995 itui
335 4912 386 4980 ber
406 4911 551 4995 iiidieite
572 4912 618 4978 tte
640 4911 847 4996 gleicbgeitigen
869 4908 1036 4977 berneto:
1059 4909 1215 4973 Rosetnm
1234 4907 1295 4975 unb
1315 4907 1464 4991 Angaria.
