3210 5424
709 340 776 396 1271
1358 330 1416 395 291

62 496 308 564 castellanorum
331 499 364 563 in
388 498 507 567 Vechta
529 500 588 567 leci
609 503 808 569 communiri.
837 502 954 570 Datum
977 505 1008 569 in
1032 503 1162 585 Vechta‚
1184 525 1270 573 anno
1293 507 1419 574 Domini

61 604 349 674 Mtcutnxudt

171 788 193 854 ¹)
211 786 277 843 iiber
297 786 341 844 ber
359 787 435 857 ssrtte
455 803 491 846 on
511 789 603 848 &trite
623 790 670 847 bea
691 791 862 863 geimarum
882 792 909 847 in
929 792 1006 848 Dich.
1026 792 1227 865 vtodvgetrogrn.

189 951 296 1036 engo
318 954 374 1020 mit
396 954 699 1039 iietgomeutittetien
724 957 771 1024 ob.

189 1060 261 1145 agr.
284 1066 377 1129 uuten
399 1063 455 1131 itt.
478 1064 553 1129 441.

59 1414 137 1482 427.
159 1454 199 1464 -
221 1416 413 1498 binobrtd,
436 1417 519 1489 1271
542 1418 670 1504 (lato),
692 1420 826 1500 ianuar
847 1422 903 1493 20.

230 1550 296 1616 ber
319 1551 459 1633 ermibtte
481 1550 598 1634 bilibri
620 1551 743 1620 ttoruob
765 1571 825 1620 oon
847 1552 1021 1620 Denobrttd
1051 1553 1170 1621 beteuut
1200 1574 1269 1623 rom
1291 1557 1413 1639 itopitet

230 1679 265 1742 gu
288 1660 387 1744 bugat
410 1661 473 1726 200
492 1660 593 1741 litori!
615 1659 714 1742 oeldo
737 1670 768 1726 ea
790 1662 855 1727 bem
870 1660 980 1728 bibero
997 1661 1088 1729 tione
1110 1662 1258 1746 titubata
1281 1667 1412 1750 etiotteu

230 1785 265 1848 gu
298 1766 402 1849 buben,
436 1767 587 1848 thermeiit
617 1767 707 1850 tritt
737 1769 802 1836 tem
824 1769 934 1836 tilieto
963 1771 1027 1837 eine
1049 1770 1185 1855 tristitie
1205 1771 1413 1859 ginegoitung

230 1891 290 1939 oon
321 1875 362 1939 26
385 1875 476 1943 iitort
508 1876 569 1944 unt
603 1877 772 1960 seridreibt
804 1877 867 1946 bem
900 1877 1100 1960 ibomtopitel,
1133 1879 1251 1960 baldea
1284 1881 1336 1962 itit
1367 1881 1413 1949 bie
1452 1947 1456 1955 .

229 1980 370 2066 goblung
401 1982 578 2067 birgidoit
611 1985 801 2067 libaminum„
834 1985 993 2068 &tribuite
1026 1995 1084 2052 out
1117 1986 1171 2053 beu
1205 1986 1336 2072 iitbbten
1369 1990 1414 2057 bei

230 2088 286 2154 &t
309 2089 437 2173 Sobora
459 2092 549 2177 (irrue
571 2092 695 2177 moute)
718 2094 779 2161 unt
802 2112 842 2160 on
864 2093 929 2161 tem
951 2092 1120 2178 boietbora
1152 2095 1212 2161 ibic
1233 2095 1412 2182 gobtungen

228 2197 346 2264 ruatber
367 2198 432 2264 bem
455 2197 565 2266 attero
588 2218 647 2267 nur
670 2199 725 2283 oui
746 2200 915 2286 beitragett
937 2201 1072 2285 geteiiet.

326 2329 470 2401 original:
489 2330 661 2402 ibomorrbtb.

185 2447 352 2514 Corradus
374 2449 431 2514 Dei
453 2451 555 2533 gratia
577 2448 834 2531 Osnaburgensis
863 2450 994 2515 ecclesie
1026 2451 1146 2516 electus
1173 2450 1323 2517 omnibus
1350 2452 1412 2518 hoc

56 2556 211 2638 scriptum
244 2557 355 2622 visuris
389 2558 524 2623 salutem
557 2557 590 2621 in
611 2556 758 2623 Domino.
803 2556 884 2621 Cum
914 2577 974 2623 nos
1000 2560 1132 2641 propter
1160 2558 1262 2622 multa
1292 2559 1411 2640 debita,

57 2664 175 2746 quibus
213 2665 378 2731 ecclesiam
415 2668 559 2731 nostram
598 2664 883 2746 osnaburgensem
923 2664 1104 2730 invenimus
1136 2665 1319 2748 obligatam,
1358 2686 1411 2732 re-

56 2772 237 2855 ceperimus
269 2792 289 2837 a
322 2773 461 2857 capitulo
483 2771 673 2854 Angariensi
705 2774 814 2836 nostre
846 2772 991 2856 dyocesis
1024 2773 1178 2837 ducentas
1211 2792 1347 2853 marcas,
1379 2775 1411 2839 in

56 2881 174 2962 quibus
206 2881 292 2945 idem
327 2881 499 2964 capitulum
527 2879 681 2946 Alberoni
704 2880 788 2945 dicto
819 2881 910 2946 Bune
942 2882 1123 2961 tenebatur,
1151 2887 1283 2965 propter
1313 2901 1411 2966 quam

56 2988 226 3071 pecuniam
259 3007 318 3071 per
349 3008 409 3054 nos
439 2992 602 3071 receptam
635 2987 844 3069 obligavimus
877 3008 937 3054 nos
965 2991 997 3052 et
1022 3008 1081 3071 per
1102 2994 1268 3073 presentes
1289 2991 1411 3056 litteras

56 3095 235 3179 obligamus
258 3097 362 3161 eidem
384 3096 568 3182 Al(beroni)
598 3098 640 3162 ad
669 3095 812 3160 dandum
840 3096 971 3178 singulIs
1000 3096 1092 3161 annis
1117 3097 1151 3161 in
1173 3102 1286 3163 octava
1308 3098 1411 3163 sancti

56 3203 241 3269 Michahelis
270 3224 386 3270 novem
408 3223 534 3270 marcas
556 3207 694 3288 quatuor
715 3204 823 3269 solidis
845 3204 960 3282 minus,
994 3203 1026 3268 in
1049 3207 1161 3269 octava
1183 3205 1411 3289 purificationis

56 3316 167 3376 sancte
188 3311 286 3375 Maria
307 3331 424 3377 novem
446 3331 570 3377 marcas
593 3314 732 3394 quatuor
752 3311 861 3376 solidis
883 3312 999 3390 minus,
1032 3311 1064 3376 in
1086 3312 1168 3377 festo
1189 3313 1411 3395 apostolorum

56 3420 192 3503 Philippi
214 3424 246 3485 et
267 3419 376 3485 Jacobi
406 3440 523 3486 novem
554 3437 679 3484 marcas
712 3423 850 3501 quatuor
880 3419 988 3484 solidis
1016 3419 1123 3483 minus
1152 3418 1411 3501 Osnaburgensis

56 3532 197 3607 monete,
227 3548 286 3611 pro
313 3547 377 3611 qua
406 3530 561 3611 pensione
584 3528 688 3592 eidem
709 3527 893 3612 Al(beroni)
916 3526 1071 3592 solvenda
1091 3546 1149 3608 per
1170 3547 1230 3592 nos
1253 3527 1410 3610 fideiussit

56 3638 229 3721 capitulum
252 3640 397 3701 nostrum
421 3636 671 3718 Osnaburgense
699 3654 760 3718 pro
789 3636 882 3701 nobis
915 3639 946 3700 et
976 3635 1154 3718 specialiter
1180 3635 1244 3699 lide
1271 3634 1348 3700 data
1370 3686 1409 3703 ..

55 3744 237 3829 prepositus
259 3748 290 3809 et
311 3749 383 3810 octo
405 3742 627 3809 obedienciarii
649 3761 684 3806 se
706 3742 927 3824 obligaverunt
955 3743 1080 3826 hosque
1109 3742 1251 3808 redditus
1281 3747 1410 3809 nostros

56 3857 89 3919 in
112 3853 302 3918 molendinis
324 3852 441 3918 nostris
463 3851 550 3935 apud
572 3854 718 3916 sanctum
740 3848 921 3915 lohannem
945 3854 977 3915 et
996 3849 1177 3933 Haseporte
1199 3847 1410 3929 obligavimus

57 3965 89 4026 et
116 3981 174 4043 per
203 3964 369 4042 presentes
401 3959 522 4024 litteras
554 3958 734 4040 obligamus
762 3976 800 4023 ac
833 3958 897 4022 lide
930 3959 1006 4023 data
1034 3954 1238 4041 promisimus
1271 3961 1304 4022 et
1335 3978 1411 4041 pro-

56 4069 210 4134 mittimus
243 4071 274 4132 et
307 4066 430 4150 dapifer
462 4069 571 4130 noster
602 4065 744 4130 similiter
771 4065 836 4130 fide
867 4066 943 4130 data
971 4067 1118 4149 promisit
1147 4068 1179 4129 et
1201 4081 1314 4130 omnes
1336 4084 1409 4130 suc-

56 4196 200 4241 cessores
221 4176 330 4256 ipsius,
353 4177 407 4258 qui
430 4173 574 4239 videlicet
595 4176 668 4255 post
684 4174 787 4256 ipsum
808 4178 900 4238 erunt
916 4173 1059 4257 dapiferi,
1079 4193 1114 4238 se
1130 4173 1317 4255 obligabunt
1333 4173 1410 4238 data

56 4284 130 4362 fide,
154 4281 241 4366 quod
263 4283 295 4346 in
317 4282 437 4346 eisdem
459 4280 635 4346 redditibus
654 4279 908 4346 molendinorum
929 4283 1111 4345 nostrorum
1125 4280 1210 4344 idern
1226 4279 1409 4363 capitulum,

55 4393 237 4477 prepositus
275 4393 307 4455 et
343 4389 566 4455 obedienciarii
603 4388 736 4469 predicti
773 4388 896 4452 nullum
933 4387 1100 4452 habebunt
1132 4386 1408 4470 impedimentum.

56 4502 146 4579 Quos
178 4487 321 4564 redditus
354 4500 554 4580 assignamus
586 4497 706 4562 eisdem
740 4497 879 4579 capitulo
911 4495 1075 4578 preposito
1104 4497 1136 4559 et
1157 4495 1408 4573 obedienciariis‚

56 4613 92 4674 ut
125 4609 193 4672 illos
227 4608 259 4672 in
291 4608 372 4674 festo
404 4606 490 4671 beati
523 4604 632 4670 Jacobi
665 4604 800 4686 apostoli
834 4604 930 4668 futuri
960 4603 1106 4685 proximo
1138 4601 1197 4665 sibi
1230 4606 1407 4669 assumant.

55 4718 182 4782 Mortuo
203 4719 312 4781 autem
334 4715 419 4780 dicto
434 4714 626 4799 Al(berone)
649 4712 810 4795 fidejussio
828 4711 1011 4795 supradicta
1026 4728 1083 4774 seu
1102 4708 1251 4790 obligatio
1272 4711 1408 4774 cessabit

56 4833 88 4891 et
109 4825 253 4892 redditus
275 4825 431 4891 dictorum
455 4820 711 4888 molendinorum
741 4824 923 4885 nostrorum
950 4818 993 4883 ad
1015 4836 1161 4882 mensam
1184 4822 1327 4885 nostram
1351 4837 1408 4884 seu

55 4952 277 5000 successorum
307 4937 490 4999 nostrorum
517 4932 598 5006 sicut
619 4932 716 4995 antea
737 4928 898 5012 pertinere
920 4929 1161 5007 consueverant,
1191 4926 1408 5010 pertinebunt.

1183 5027 1240 5094 19*
