3210 5424
777 317 845 374 1280
1424 301 1488 365 485

133 477 210 546 685.
231 515 276 527 -
296 478 489 560 olrrlrltd,
512 480 610 560 1280,
631 478 768 553 ollula
789 480 841 550 24.

302 633 417 718 lilleboi
439 635 561 702 doncro
583 653 642 701 oon
664 633 837 701 uariantur
867 634 1020 717 tlbcrttligt
1049 633 1114 699 bern
1147 632 1261 711 litoitcr
1283 632 1486 715 &corruperit

304 742 359 808 bna
377 742 555 827 dipcntturn
577 743 629 809 bea
642 760 710 809 cont
725 743 826 811 liittcr
842 741 957 825 ltotpcr
982 741 1043 808 unt
1060 759 1118 808 oon
1140 741 1194 806 ben
1212 741 1357 822 linoppcn
1372 740 1486 824 altger

302 850 362 915 urb
394 849 550 927 bermone
583 868 641 916 oon
673 849 789 916 lllilctc
822 850 887 916 tcnr
923 848 1037 924 dicier
1069 847 1237 928 occlaultcn
1269 848 1419 931 ssetpnlcna
1453 849 1485 915 tn

300 959 429 1040 Sulmo,
464 958 597 1041 rodoan
631 958 677 1024 bic
709 976 768 1025 oon
800 956 916 1024 atilae
952 957 1000 1024 ota
1020 948 1280 1039 ,afletandane
1313 959 1364 1025 bct
1391 958 1485 1025 ahten

300 1066 436 1132 licitum
459 1085 520 1132 oon
536 1065 696 1143 &trinitat
719 1084 807 1150 pepon
831 1065 928 1147 licien
953 1066 1014 1132 unb
1037 1065 1128 1145 biclcr
1150 1064 1199 1132 cta
1219 1064 1411 1147 tctnamann
1433 1065 1485 1132 bca

300 1171 434 1255 bitunia
456 1172 566 1253 borani
588 1172 717 1257 ’Bergidt
740 1172 873 1258 pelciltct.
907 1206 913 1217 ·

301 1392 305 1398 ,
398 1328 543 1399 Drlplnol:
563 1328 758 1399 &laureantia
777 1327 912 1400 litantur.

258 1468 424 1534 Conradus
456 1471 513 1535 Dei
544 1473 645 1553 gratia
679 1470 809 1536 ecclesie
824 1469 1096 1551 -Osnaburgensis
1130 1469 1298 1551 episcopus
1328 1469 1482 1534 universis

129 1577 190 1642 hoc
212 1576 363 1659 scriplum
386 1578 497 1643 visuris
519 1579 654 1643 salutern
677 1578 708 1642 in
731 1597 779 1656 eo,
803 1578 857 1661 qui
879 1578 966 1641 salus
988 1580 1034 1640 est
1057 1577 1212 1641 omniurn.
1255 1576 1414 1654 Quoniam
1436 1576 1479 1642 ab

130 1685 258 1751 interitu
281 1688 460 1752 mortalium
491 1687 561 1752 vive
590 1688 676 1752 vocis
699 1688 805 1751 deficit
825 1686 983 1768 probatio
1013 1684 1144 1767 provide
1166 1689 1373 1749 conservatur
1395 1687 1482 1765 geste

130 1794 175 1857 rei
197 1795 313 1857 veritas
334 1795 468 1875 publicis
490 1794 717 1860 instrumentis,
760 1793 914 1858 Noverint
940 1793 1077 1857 universi
1105 1795 1172 1856 tam
1196 1795 1361 1876 presentes
1384 1811 1482 1874 quam

130 1901 237 1978 futuri,
271 1903 357 1983 quod
391 1904 422 1966 in
456 1907 565 1968 nostra
597 1903 758 1986 presentia
786 1902 946 1967 constituti
976 1902 1136 1983 Rotgerus
1167 1901 1207 1965 de
1234 1899 1351 1964 Millete
1381 1900 1481 1978 miles,

129 2008 288 2089 Rotgerus
311 2012 343 2073 et
365 2009 568 2073 Hermannus
591 2011 632 2074 de
653 2009 770 2074 Millete
792 2010 951 2091 armigeri,
980 2011 1137 2075 decimam
1164 2009 1196 2072 in
1219 2008 1481 2092 imminclorpe1)

127 2117 159 2179 in
192 2117 359 2197 parrochia
392 2117 589 2199 Lengherike
628 2118 714 2200 apud
751 2117 964 2199 Tekeneborg
1000 2121 1067 2181 tam
1108 2116 1344 2200 manipulorum
1384 2133 1480 2196 quam

129 2225 249 2288 minute
279 2225 401 2288 decime
430 2245 503 2289 cunr
531 2227 680 2290 omnibus
702 2225 875 2290 attinentiis
898 2229 928 2288 et
951 2224 1105 2289 fructibus
1128 2224 1193 2288 suis
1215 2223 1427 2288 vendiderunt
1449 2225 1482 2285 et

128 2333 255 2414 penitus
278 2330 465 2397 dimiserunt
487 2333 609 2415 injure
632 2352 740 2398 coram
763 2334 857 2397 nobis
880 2385 887 2398 .
910 2381 917 2395 .
940 2332 1102 2395 abbatisse
1125 2335 1157 2394 et
1179 2330 1349 2395 conventui
1371 2332 1481 2394 sancte
1531 2350 1534 2357 ·

127 2439 226 2503 Marie
248 2441 279 2503 in
303 2439 519 2505 Gravenhorst
550 2440 609 2523 'pro
635 2445 764 2505 centum
797 2443 828 2504 ct
850 2441 1060 2522 quadraginta
1082 2439 1197 2503 marcis
1219 2436 1328 2518 legalis
1351 2443 1481 2503 monete

125 2547 261 2629 pecunie
284 2552 461 2614 numerale.
506 2548 612 2626 Quam
635 2547 802 2627 decimam,
835 2546 910 2631 quia
941 2546 982 2611 de
1009 2563 1108 2609 manu
1135 2544 1247 2609 nobilis
1280 2544 1338 2609 riri
1360 2545 1481 2610 domini

127 2656 273 2720 Bolduini
296 2655 336 2720 dc
358 2656 546 2720 Stenvordia
568 2656 733 2732 tenebant,
764 2656 796 2719 in
823 2673 938 2718 manus
968 2672 1043 2718 suas
1064 2653 1163 2717 libere
1185 2654 1427 2736 resignaverunt
1449 2659 1481 2719 et

125 2762 211 2827 idern
241 2763 355 2827 nobilis
385 2766 416 2827 et
445 2764 492 2827 sui
523 2763 668 2840 heredes,
702 2764 777 2845 quia
806 2763 848 2827 ab
871 2763 985 2826 eadem
1009 2761 1133 2825 decima
1154 2760 1195 2825 de
1217 2761 1349 2826 ecclesia
1370 2766 1480 2827 nostra

125 2871 276 2934 infeodati
309 2870 447 2946 fuerunt,
486 2871 622 2934 eandem
657 2871 691 2934 in
730 2889 846 2935 manus
884 2873 1010 2934 nostras
1041 2869 1242 2950 presentibus
1273 2869 1406 2935 Ekkone
1439 2871 1480 2934 de

127 2978 273 3057 Metelen,
296 2978 437 3042 Svedero
460 2979 500 3042 de
515 2977 679 3055 Sledesen,
702 2978 857 3043 Rirzardo
879 2978 920 3042 de
940 2977 1077 3056 Leeden,
1100 2975 1288 3042 Hermanno
1312 2978 1352 3041 de
1374 2977 1480 3055 Selen,

127 3086 267 3166 Rolgero
284 3087 324 3150 de
341 3085 458 3150 Milletc
475 3085 634 3164 militibus,
658 3086 792 3151 Ludolio
809 3087 849 3150 de
865 3086 1068 3162 Monasterio,
1084 3083 1268 3148 Everbardo
1285 3084 1326 3148 de
1340 3083 1479 3164 Tbvisle,

128 3193 289 3258 Winando
312 3194 394 3259 dicto
416 3193 590 3272 Dancevot,
621 3194 768 3275 Ludgero
790 3195 831 3259 de
853 3194 1038 3276 Borghorst,
1068 3192 1258 3256 Hermanno
1279 3193 1320 3257 de
1341 3192 1479 3258 Metelen

126 3300 289 3381 armigeris
311 3300 409 3363 libere
431 3301 642 3382 resignarunt.
686 3301 753 3367 Nos
782 3321 858 3367 vero
892 3300 1086 3382 sepedictam
1119 3301 1276 3385 decimam
1305 3319 1376 3364 cum
1404 3321 1479 3384 pro·
1515 3306 1518 3310 ’

126 3410 260 3491 prietate
281 3409 379 3491 ipsius
402 3408 485 3474 dicto
508 3411 677 3475 conventui
698 3410 731 3474 in
753 3409 970 3474 Gravenhorsl
999 3428 1078 3491 pure
1105 3413 1236 3491 propter
1258 3408 1360 3472 Deum
1384 3412 1415 3473 et
1436 3409 1478 3474 ad

125 3517 281 3582 honorem
305 3517 399 3581 beate
421 3516 518 3581 llarie
548 3517 673 3600 virginis
705 3517 821 3582 ibidem
851 3521 987 3600 patrone
1013 3517 1203 3582 contulimus
1233 3519 1265 3580 ct
1287 3516 1478 3581 conferimus

126 3645 184 3707 per
205 3630 370 3706 presentes
394 3626 499 3707 quiete
523 3629 554 3690 et
575 3626 705 3709 pacifice
733 3630 890 3708 perpetuo
917 3624 1156 3705 possidendam.
1200 3623 1278 3687 Dicti
1301 3642 1377 3688 vero
1396 3624 1478 3689 Rot-

127 3733 244 3814 ghcrns
278 3732 378 3810 miles,
412 3732 594 3813 Rotgherus
627 3735 659 3796 et
692 3732 897 3797 Hermannus
933 3731 1082 3813 armigeri
1117 3730 1334 3814 promiserunt
1368 3750 1476 3796 coram

126 3839 218 3904 nobis
242 3839 358 3903 dictam
382 3840 536 3904 decimam
554 3842 776 3922 prenominato
794 3842 962 3906 conventui
979 3845 1090 3906 contra
1107 3840 1280 3923 quemlibet
1296 3837 1477 3904 warandire

125 3951 157 4010 ct
180 3951 336 4028 quantum
359 3946 540 4011 addictam
565 3949 760 4013 warandiam
783 3951 922 4030 pertinet
943 3950 1047 4031 ipsum
1071 3950 1262 4014 conventum
1286 3946 1318 4011 in
1334 3947 1477 4011 Graven·

124 4055 214 4118 horst
252 4057 355 4120 modis
393 4055 542 4120 omnibus
579 4056 786 4138 indempnem
823 4059 949 4140 penitus
987 4074 1186 4120 conservare.
1230 4054 1269 4118 Et
1301 4057 1336 4118 ut
1368 4054 1476 4119 omnia

124 4162 306 4242 supradicta
340 4165 372 4228 in
405 4182 464 4227 suu
496 4163 612 4228 robore
645 4164 864 4230 inviolabililer
895 4168 1051 4247 perpetuo
1088 4167 1305 4246 perseverent,
1342 4183 1475 4247 presens

124 4268 275 4348 scriptum
298 4272 396 4352 sigillo
418 4275 528 4336 nostro
558 4273 590 4336 in
619 4275 810 4354 perpetuum
840 4272 1056 4339 testimonium
1087 4275 1118 4335 et
1146 4272 1310 4336 munimen
1342 4272 1474 4337 fecimus
1578 4289 1580 4293 ·

126 4375 322 4441 communiri.
367 4378 482 4443 Datum
506 4379 728 4462 Osenbrugbe,
757 4399 843 4445 anno
864 4380 992 4446 Domini
1014 4378 1280 4458 M⁰CC⁰LXXX⁰,
1308 4381 1339 4444 in
1370 4356 1474 4464 vipilia

124 4480 290 4544 bealorum
315 4487 479 4550 martirum
502 4487 637 4569 Crispini
659 4491 689 4551 et
713 4487 916 4569 Crispiniani;
947 4489 1149 4570 presentibus
1170 4487 1314 4553 Gotirido
1336 4489 1474 4571 plebano

124 4589 255 4654 ecclesie
287 4591 319 4655 in
352 4593 524 4672 Versmele‚
559 4595 720 4659 Ludberto
752 4596 794 4660 de
825 4594 1022 4677 Mettinghen
1057 4595 1171 4658 vicario
1205 4595 1336 4659 ecclesie
1369 4593 1474 4661 Osna·

123 4700 306 4779 burgensis;
345 4700 488 4764 Sredero
521 4703 561 4766 de
593 4701 758 4782 Sledesen,
795 4702 964 4768 Lodewico
996 4701 1080 4767 dicto
1113 4701 1211 4780 Unco,
1244 4701 1399 4785 Lippoldo
1432 4703 1473 4768 de

123 4806 315 4884 Dranthem,
343 4804 514 4872 Wilhelmo
536 4808 576 4872 de
599 4807 688 4890 Hege
710 4808 879 4884 militibus;
913 4807 1062 4874 Conrado
1084 4810 1125 4873 de
1147 4808 1359 4888 Edinchusen,
1393 4809 1474 4874 Her-
