3210 5424
772 336 839 393 12⁸8
1287 372 1293 383 .
1416 322 1479 387 263

129 500 218 583 quod
241 501 361 567 domini
388 502 511 567 nobiles
531 506 626 582 terre,
657 501 877 578 ministeriales
898 505 1079 567 nostrarum
1109 501 1268 567 civitatum
1292 506 1324 566 et
1346 502 1476 584 quilibet

128 611 211 677 alter
239 611 271 675 in
297 612 369 693 jure
394 611 453 675 sibi
482 610 674 693 competenti
696 628 734 675 ac
756 608 863 675 debito
888 609 1097 693 permanebit.
1140 607 1290 675 Preterea
1311 610 1338 673 si
1360 610 1474 694 aliquis

128 718 334 785 dominorum
366 723 475 784 nostre
505 720 635 785 civitatis
668 718 806 800 aliquam
836 718 996 782 civitatum
1025 720 1206 783 nostrarum
1237 718 1387 799 inJuriose
1413 719 1473 786 im·

128 847 274 910 pugnare
296 827 346 892 vel
368 827 507 892 indebite
529 825 709 910 opprimere
731 826 872 903 voluerit,
903 825 1121 909 quatuoralie
1143 825 1283 892 civitates
1304 832 1474 910 prenotate

128 936 295 1001 dominum
317 935 398 1000 illius
419 936 551 1001 civitatis
573 953 796 1018 oppressorem
818 933 933 998 scilicet
955 934 1072 998 nuntiis
1087 938 1118 998 et
1133 934 1243 999 litteris
1263 936 1327 1000 suis
1343 936 1476 1020 ydoneis

128 1046 253 1108 attente
276 1043 461 1122 monebunt,
491 1048 526 1108 ut
555 1044 596 1108 ab
626 1043 768 1109 indebita
797 1043 1017 1109 molestatione
1038 1042 1222 1127 hujusmodi
1243 1041 1377 1109 civitatis
1399 1064 1477 1111 con·

129 1152 297 1234 quiescens
326 1151 504 1218 amicabilia
536 1151 652 1235 placita
667 1140 747 1217 'sive
773 1151 931 1235 justiciam
961 1153 1092 1235 recipiat
1114 1151 1155 1216 ab
1178 1152 1302 1218 eadem.
1345 1154 1379 1218 Si
1400 1174 1476 1221 vero

129 1262 215 1326 idern
248 1262 397 1326 dominus
429 1261 532 1326 taliter
564 1260 774 1327 commonitus
805 1259 848 1324 ab
875 1258 1059 1342 hujusmodi
1089 1259 1230 1325 indebita
1256 1260 1476 1327 molestatione

129 1371 282 1435 desistere
304 1370 449 1448 noluerit,
471 1370 591 1452 relique
611 1372 720 1434 nostre
742 1366 883 1432 civitates
905 1367 1030 1450 pulsata
1052 1368 1093 1432 ad
1112 1367 1173 1435 hoc
1190 1387 1356 1452 campana,
1370 1377 1476 1453 ‚prout

130 1480 227 1543 moris
258 1478 371 1556 existit,
402 1462 462 1543 sub
485 1482 617 1562 optentu
639 1478 701 1541 vite
724 1480 755 1540 et
776 1457 935 1541 bonorum
958 1476 1055 1540 talem
1078 1476 1324 1559 prohibitionem
1350 1479 1476 1560 publice
1519 1556 1525 1568 ·

129 1588 255 1664 facient,
286 1587 373 1669 quod
396 1587 500 1652 nullus
522 1585 625 1651 eidem
648 1584 778 1651 domino
800 1603 858 1649 seu
879 1585 1114 1667 promotoribus
1137 1589 1169 1652 et
1191 1586 1389 1670 adjutoribus
1410 1589 1475 1652 suis

129 1699 161 1762 in
182 1698 243 1762 hac
264 1700 356 1778 parte
382 1696 477 1761 nichil
506 1696 633 1778 penitus
659 1693 816 1758 mutuabit
843 1693 892 1758 vel
915 1693 1033 1759 vendet
1054 1714 1111 1759 seu
1134 1695 1238 1778 ipsum
1261 1696 1311 1761 vel
1334 1697 1420 1779 ipsos
1441 1696 1485 1761 in·

129 1807 235 1890 aliqua
264 1809 355 1889 parte
384 1804 594 1887 promovebit.
638 1803 771 1885 insuper
801 1802 953 1884 quamdiu
982 1803 1095 1868 eadem
1125 1803 1234 1868 civitas
1264 1804 1393 1870 domino
1416 1825 1474 1872 suo

129 1914 312 1998 supradicto
342 1915 374 1978 in
393 1916 464 1997 jure
486 1933 544 1978 suo
566 1911 744 1984 secundum
764 1908 898 1975 aliarum
919 1914 1101 1976 nostrarum
1124 1912 1284 1977 civitatum
1310 1913 1473 1979 consilium

131 2027 352 2107 optemperare
385 2022 518 2086 voluerit
549 2020 761 2101 dominusque
795 2018 940 2101 ejusdem
969 2018 1101 2084 civitatis
1126 2020 1198 2102 jure
1225 2039 1284 2085 suo
1306 2024 1476 2087 contentus
1526 2022 1530 2031 '

131 2153 200 2198 esse
223 2132 366 2210 noluerit,
398 2131 518 2214 relique
547 2129 688 2195 civitates
717 2131 825 2193 nostre
856 2126 941 2192 illam
971 2129 1141 2207 civitatem,
1174 2131 1260 2195 omni
1292 2131 1366 2197 dolo
1388 2132 1475 2198 malo

127 2242 265 2318 excluso,
298 2241 330 2304 in
363 2242 520 2322 quantum
552 2238 641 2302 salvo
672 2236 794 2301 honore
825 2254 884 2300 suo
916 2235 1021 2301 facere
1051 2240 1211 2320 poterunt,
1245 2238 1379 2305 fideliter
1400 2262 1475 2325 pro·

127 2348 302 2416 movebunt
323 2367 382 2412 nec
403 2346 518 2411 eadem
540 2365 613 2411 curn
636 2346 766 2411 domino
788 2365 847 2411 suo
870 2346 1005 2411 durante
1028 2346 1184 2412 discordia
1214 2349 1334 2432 relique
1367 2356 1474 2417 nostre

126 2457 265 2521 civitates
298 2455 442 2538 ejusdem
464 2454 595 2519 civitatis
627 2454 758 2519 domino
789 2459 820 2518 et
849 2453 1088 2519 auxiliatoribus
1110 2456 1175 2520 suis
1197 2456 1239 2521 de
1261 2456 1374 2523 debitis
1397 2460 1474 2540 suis,

126 2585 188 2648 que
222 2565 306 2629 idern
339 2563 486 2628 dominus
519 2566 551 2626 et
583 2563 785 2628 auxiliatores
817 2563 867 2627 sui
897 2562 990 2627 nobis
1019 2564 1148 2644 debent,
1183 2565 1306 2649 aliquas
1330 2569 1473 2634 inducias

125 2673 272 2739 dabimus
293 2672 358 2737 ullo
381 2671 487 2737 modo.
529 2670 679 2735 Preterea
710 2670 891 2754 quicunque
917 2670 1057 2753 aliquem
1085 2691 1130 2768 ex
1153 2673 1245 2739 nobis
1267 2675 1473 2759 captivaverit

124 2801 181 2847 seu
213 2780 393 2863 spoliaverit
425 2784 457 2844 et
488 2780 520 2843 in
553 2774 689 2844 co'nfinio
722 2778 917 2861 reliquarum
948 2780 1111 2847 civitatum
1143 2786 1323 2849 nostrarum
1358 2805 1393 2851 se
1422 2808 1473 2852 re·

125 2888 252 2972 ceperit,
274 2892 445 2970 postquam
467 2885 509 2950 illi
531 2887 655 2966 civitati,
683 2890 732 2953 cui
761 2882 943 2972 hujusmodi
965 2889 1150 2956 malefactor
1170 2892 1345 2974 proximior
1365 2895 1471 2976 fuerit,

124 2999 166 3064 ab
189 3017 228 3062 ea
249 2997 382 3074 civitate,
416 3015 479 3079 que
507 2996 682 3078 dampnum
712 3015 809 3080 passa
832 3000 890 3076 est,
923 2998 1130 3063 denuntiatur
1151 3004 1266 3065 extunc
1288 3001 1470 3085 hujusmodi

124 3106 242 3185 civitas,
275 3107 324 3170 cui
346 3105 543 3170 denuntiatio
571 3105 652 3170 facta
680 3106 782 3182 fuerit,
816 3104 901 3170 bona
924 3105 986 3170 fide
1009 3106 1050 3170 ad
1073 3107 1133 3171 hoc
1156 3126 1348 3191 quocunque
1372 3112 1469 3176 modo
1506 3112 1509 3118 '

124 3216 282 3282 laborabit
303 3220 333 3280 et
356 3215 450 3279 etiam
472 3215 651 3298 pecuniam,
684 3217 710 3280 si
731 3215 822 3280 aliter
843 3214 911 3279 fieri
934 3214 983 3278 vel
1005 3215 1140 3297 optineri
1161 3235 1226 3280 non
1249 3217 1375 3298 poterit,
1410 3239 1468 3303 pro

125 3346 163 3391 eo
195 3326 369 3408 promittet,
407 3325 493 3408 quod
526 3325 610 3390 idem
643 3324 828 3390 malefactor
859 3344 916 3390 seu
948 3325 1108 3407 predones
1141 3323 1339 3416 captiventur
1373 3332 1405 3391 et
1438 3330 1470 3394 in

123 3437 226 3498 morte
256 3433 306 3497 vel
331 3434 361 3496 in
384 3434 447 3498 vita
468 3433 509 3497 illi
531 3433 655 3512 civitati,
683 3433 733 3497 cui
757 3432 934 3517 dampnum
956 3431 1077 3496 illatum
1099 3435 1158 3511 est,
1187 3438 1413 3514 presententur
1437 3441 1469 3503 et

124 3540 273 3624 quicquid
290 3539 356 3604 sive
375 3545 530 3622 quantum
551 3541 612 3606 hoc
633 3540 816 3606 constaterit
836 3540 890 3604 illa
911 3539 1029 3618 civitas,
1051 3541 1217 3605 occasione
1238 3543 1328 3626 cujus
1349 3544 1468 3610 facturn
1526 3520 1531 3531 ¹

124 3649 190 3713 sive
222 3652 427 3731 procuratum
460 3648 562 3727 fuerit,
594 3648 656 3714 hoc
684 3648 832 3714 refundet
861 3648 927 3712 sive
954 3648 1115 3731 hujusque
1142 3648 1330 3731 captivitatis
1360 3653 1470 3718 civitas

125 3757 323 3839 procuratrix
345 3756 485 3838 captivos
507 3758 595 3820 vivos
617 3755 683 3821 sive
705 3759 848 3821 mortuos
870 3759 936 3821 tam
958 3756 1013 3821 diu
1034 3755 1196 3836 detinebit,
1220 3775 1389 3842 quousque
1408 3760 1471 3827 alia

124 3866 242 3945 civitas,
265 3882 364 3946 quam
385 3863 563 3946 specialiter
584 3863 685 3946 tangit
704 3863 766 3928 hoc
787 3862 960 3946 negotium,
982 3863 1024 3928 illi
1046 3864 1161 3929 civitati
1183 3884 1347 3930 occurrere
1370 3869 1470 3950 possit

123 3976 156 4039 in
178 3974 285 4057 aliquo
307 3974 377 4038 loco
399 3973 558 4055 captivum
587 3972 637 4035 vel
667 3973 807 4054 captivos
837 3974 1023 4054 prenotatos
1045 3972 1145 4038 libere
1168 3977 1345 4057 receptura.
1388 3976 1468 4043 item

123 4083 149 4148 si
171 4083 284 4166 aliquis
305 4083 419 4146 civium
441 4081 602 4146 civitatum
623 4082 803 4145 nostrarum
826 4081 1001 4162 captivatus
1023 4082 1117 4146 fuerit
1138 4082 1204 4146 sive
1226 4081 1313 4148 bona
1333 4084 1468 4169 alicujus

69 4226 76 4239 ·
122 4190 231 4256 ablata
261 4190 375 4254 fuerint
408 4192 440 4253 et
470 4208 566 4271 super
593 4187 721 4271 aliquod
750 4191 890 4252 castrum
917 4189 1073 4255 adductus
1100 4192 1149 4256 vel
1179 4193 1325 4258 adducta·
1341 4194 1466 4271 fuerint,

122 4298 231 4363 civitas
258 4298 300 4362 illi
331 4300 435 4361 castro
461 4296 605 4379 proxima
626 4294 736 4360 litten's
758 4295 823 4361 suis
845 4297 987 4362 monebit
1008 4299 1174 4364 dominum
1195 4300 1277 4366 illius
1299 4302 1394 4367 castri
1416 4303 1466 4367 vel

123 4407 218 4471 etiam
240 4404 436 4484 castellanos,
470 4405 497 4469 si
525 4405 610 4470 idem
638 4408 778 4470 castrum
799 4405 964 4470 dominum
986 4408 1180 4487 nonhabet,
1213 4410 1301 4492 quod
1324 4411 1466 4493 captivus

122 4515 188 4579 sive
219 4514 344 4597 captivi·
364 4514 414 4577 vel
447 4513 543 4579 etiam
573 4513 659 4580 bona
688 4517 820 4597 accepta
851 4534 948 4597 super
974 4515 1062 4598 justa
1082 4514 1198 4597 placita
1218 4516 1392 4581 liberentur
1413 4517 1463 4582 vel

122 4624 337 4701 restituantur,
367 4641 440 4687 cum
468 4623 577 4687 civitas
598 4621 651 4687 illa
671 4625 784 4706 parata
805 4623 921 4688 debeat
943 4642 1014 4687 esse
1036 4626 1119 4688 stare
1139 4623 1202 4704 juri
1224 4643 1285 4689 nec
1306 4627 1465 4708 captivum

123 4730 172 4795 vel
195 4731 281 4795 bona
302 4730 437 4814 spoliata
458 4751 478 4795 a
499 4751 534 4795 se
557 4730 726 4809 dimittant,
759 4732 910 4812 quamdiu
939 4731 1000 4813 ipsi
1028 4731 1070 4796 ab
1102 4733 1169 4814 ipsa
1198 4734 1320 4799 civitate
1340 4734 1464 4816 Justicie

122 4838 352 4922 plenitudinem
382 4840 532 4920 poterunt
564 4839 726 4920 optinere;
759 4842 791 4903 et
820 4839 846 4902 si
877 4838 989 4904 eadem
1020 4840 1128 4905 civitas
1161 4841 1264 4908 taliter
1296 4843 1464 4909 scribendo

127 4965 193 5012 non
214 4946 390 5029 profecerit,
422 4948 525 5010 cetere
548 4945 688 5021 civitates
710 4947 847 5020 eundem
869 4950 1016 5013 tenorem
1036 4947 1117 5014 illius
1139 4950 1232 5014 castri
1255 4950 1385 5016 domino
1406 4971 1464 5017 seu
