3210 5424
735 330 801 387 1268
1381 315 1443 380 259

218 491 404 556 Wrdekinus
422 490 480 556 Dei
501 494 600 574 gratia
616 492 872 576 osnaburgensis
893 494 1042 559 ecclesiae
1067 494 1187 559 electus
1210 494 1359 559 omnibus
1380 494 1442 560 hoc

92 601 245 683 scriptum
282 601 393 665 visuris
430 602 462 664 in
500 600 609 665 salutis
641 605 770 667 auctore
803 602 949 668 salutem.
992 601 1039 666 ua
1071 620 1156 684 quae
1188 601 1249 666 rite
1281 607 1313 666 et
1344 602 1443 668 ratio·

90 709 246 773 nabiliter·
260 707 448 772 ordinantur
468 707 561 772 farma
583 728 653 773 esse
674 710 793 776 debent
815 715 847 775 et
867 711 987 776 illibata
1010 715 1041 774 et
1061 729 1102 774 ne
1120 730 1268 776 successu
1289 712 1443 795 temporis

91 819 123 882 in
156 818 347 882 oblivionem
381 821 555 897 transeant,
591 822 804 885 necessarium
837 824 895 896 est,
931 822 968 882 ut
1001 818 1228 900 scripturarum
1261 817 1442 883 testimonio

91 927 329 991 confirmentur.
372 925 458 989 Sane
488 926 582 1008 igitur
610 932 675 992 tam
706 927 928 1012 praesentibus
961 944 1058 1008 quam
1089 925 1201 989 futuris
1229 928 1341 990 notum
1372 945 1442 991 esse

91 1035 247 1116 cupimus,
287 1026 374 1116 quod
405 1033 606 1100 Willbelmus
645 1036 734 1101 miles
774 1038 875 1102 dictus
915 1035 956 1098 de
989 1033 1138 1115 Limberg
1170 1032 1293 1115 dapifer
1324 1039 1442 1112 noster,

90 1143 138 1206 vir
169 1142 288 1206 liberae
320 1141 508 1206 conditionis
547 1144 696 1220 existens,
737 1145 769 1209 in
801 1147 919 1220 nostra,
958 1141 1085 1225 capituli
1123 1161 1160 1207 ac
1195 1141 1442 1206 ministerialium

91 1249 244 1315 ecclesiae
277 1254 407 1314 nostrae
441 1251 630 1316 constitutus
662 1252 844 1335 praesentia
882 1250 978 1315 beato
1009 1249 1104 1314 Petro
1138 1249 1318 1332 sanctisque
1357 1268 1442 1314 mar·

55 1365 58 1369 '
90 1358 213 1442 tyribus
246 1358 392 1442 Crispino
431 1365 463 1425 el
496 1359 695 1443 crispiniano
733 1361 875 1443 patronis
910 1378 949 1424 ac
984 1358 1135 1423 ecclesiae
1177 1360 1306 1422 nostrae
1338 1356 1443 1422 Osna·

91 1468 242 1551 burgensi
286 1488 321 1533 se
364 1467 500 1533 liberum
545 1469 576 1533 in
621 1468 857 1533 ministerialem
907 1468 1020 1536 obtulit
1066 1469 1224 1551 nobisque
1267 1469 1442 1534 secundum

89 1577 342 1642 ministerialium
365 1577 628 1642 consuetudinem
651 1577 814 1640 bomaium
843 1576 1001 1641 fidelitatis
1032 1576 1188 1660 praestitit
1217 1594 1254 1641 ac
1283 1576 1442 1659 quaedam

89 1686 178 1749 bona
200 1703 259 1748 sua
281 1685 411 1767 propria
433 1683 577 1748 videlicet
599 1685 719 1748 curiam
748 1684 780 1748 in
803 1684 945 1750 Hostbus
973 1705 1033 1769 pro
1062 1690 1190 1751 centum
1220 1689 1251 1749 el
1276 1686 1441 1767 sexaginta
1480 1730 1486 1741 ·

89 1793 206 1857 marcis
228 1796 448 1874 comparatam
470 1811 543 1856 cum
566 1792 715 1856 omnibus
737 1793 909 1859 attinentiis
940 1800 971 1859 et
997 1795 1121 1878 juribus
1148 1795 1213 1858 suis
1244 1812 1308 1858 una
1329 1813 1438 1859 secum

91 1901 180 1967 dictis
208 1901 350 1983 patronis
380 1904 412 1964 et
442 1900 594 1965 ecclesiae
615 1904 744 1965 nostrae
766 1904 918 1983 erogavit,
951 1922 1047 1986 quam
1069 1903 1276 1986 postmodum
1298 1921 1318 1967 a
1339 1921 1438 1967 manu

93 2012 201 2075 nostra
230 2009 262 2072 iu
292 2007 387 2072 feodo
412 2009 531 2090 recepit
563 2012 594 2072 el
626 2013 781 2092 perpetuo
812 2009 910 2076 libere
938 2011 1113 2095 possidebit
1143 2012 1272 2094 suisque
1294 2010 1438 2093 legitimis

94 2116 263 2182 heredibus
283 2117 354 2200 jure
376 2116 569 2183 hereditario
591 2137 819 2183 successuram.
856 2119 922 2183 Nos
944 2139 1021 2184 vero
1042 2118 1115 2183 dicti
1138 2119 1265 2201 capituli
1286 2137 1324 2183 ac
1347 2118 1438 2183 mini·

90 2225 263 2291 steriadium
299 2225 450 2289 ecclesiae
482 2230 610 2290 nostrae
648 2229 791 2292 unanimi
823 2247 980 2293 consensu
1012 2227 1185 2292 accedente
1218 2227 1437 2292 molendinum

89 2339 237 2399 nostrum
259 2334 291 2397 in
313 2335 431 2417 oppido
451 2333 703 2418 Withenbrugge
722 2337 814 2419 juxta
834 2336 965 2419 longum
987 2340 1118 2419 pontem
1141 2336 1236 2400 situm
1259 2336 1290 2400 in
1313 2355 1437 2400 recom-

88 2445 312 2527 pensationem
336 2443 408 2508 dicti
430 2444 574 2509 beneficii
597 2444 747 2509 ecclesiae
769 2447 898 2508 nostrae
917 2445 1051 2526 impensi
1071 2443 1214 2527 praefato
1237 2443 1437 2510 Willehelmo

89 2552 180 2617 militi
212 2572 268 2635 pro
298 2551 449 2616 castrensi
471 2551 566 2616 feodo
587 2552 619 2615 in
640 2551 882 2633 Redekeuberg
914 2552 1001 2635 quod
1030 2552 1123 2635 vulgo
1153 2551 1284 2636 burplea
1315 2553 1436 2633 dicitur,

89 2659 283 2725 contulimus
315 2659 467 2741 quamdiu
497 2661 608 2724 vixerit
638 2659 808 2724 liberaliter
833 2660 1122 2742 possidendumet
1142 2664 1174 2727 in
1197 2662 1311 2727 eodem
1334 2666 1436 2728 castro

89 2768 304 2852 bergmannus
325 2766 513 2832 remanebit.
556 2765 634 2831 Post
655 2766 776 2831 obitum
798 2787 873 2832 vero
894 2767 992 2850 ipsius
1014 2767 1175 2834 Wilhelmi
1196 2790 1255 2835 nos
1277 2771 1303 2835 si
1324 2789 1437 2853 super·

89 2878 180 2943 stites
203 2877 356 2941 fuerimus
379 2879 435 2940 aut
455 2874 556 2941 nostri
576 2895 775 2941 successores
804 2875 923 2941 dictum
952 2875 1171 2942 molendinum
1190 2860 1213 2942 ⁸a
1235 2879 1299 2942 suis
1321 2877 1436 2958 liberis,

89 2988 116 3052 si
146 2986 306 3065 habuerit,
334 2990 390 3050 aut
417 2984 630 3050 aGodelrido
652 2987 684 3048 et
704 2984 890 3048 Bernhardo
920 2983 1069 3047 tratribus
1096 2985 1161 3048 suis
1183 2984 1377 3068 patruelibus
1400 3004 1437 3050 ac

89 3114 203 3161 eorum
225 3094 396 3158 heredibus
418 3113 476 3176 pro
499 3094 664 3175 sexaginta
686 3093 800 3158 marcis
822 3090 940 3156 usualis
962 3096 1121 3171 monetae,
1144 3111 1224 3175 quas
1245 3092 1333 3156 idem
1355 3092 1435 3158 Wil-

92 3204 218 3268 helmus
256 3203 288 3267 in
325 3201 579 3267 reaedificatione
617 3202 689 3287 dicti
725 3201 896 3266 molendini
931 3200 1135 3282 probabiliter
1165 3201 1324 3283 expendit,
1358 3202 1435 3266 dum

92 3311 286 3377 voluerimus
308 3312 513 3376 redimemus.
537 3310 618 3376 Cum
641 3310 730 3375 dictis
752 3314 860 3374 tamen
883 3310 1047 3391 sexaginta
1069 3310 1183 3373 marcis
1205 3296 1290 3375 bona
1309 3315 1437 3376 nostrae

93 3419 367 3503 comparabuntur
389 3419 549 3499 ecclesiae,
581 3438 664 3502 quae
694 3417 865 3500 saepedicti
887 3396 1157 3481 wilhelmi'liberi
1179 3419 1205 3482 si
1226 3418 1362 3483 vixerint
1383 3423 1440 3484 aut

92 3530 325 3614 praenominati
358 3528 546 3593 Godefridus
580 3532 611 3591 et
638 3526 843 3591 Bernhardus
875 3524 987 3589 iratres
1020 3527 1052 3588 et
1082 3525 1222 3607 ipsorum
1252 3525 1387 3590 heredes
1417 3545 1437 3590 a

92 3658 192 3703 manu
214 3641 323 3702 nostra
346 3636 394 3701 vel
416 3655 636 3701 successorum
657 3639 839 3700 nostrorum
861 3652 929 3715 pro¹
942 3632 1093 3696 castrensi
1109 3632 1203 3698 feodo
1219 3634 1251 3698 in
1266 3634 1437 3699 Redeken·

93 3746 180 3828 berg,
214 3747 300 3829 quod
334 3746 427 3827 vulgo
458 3743 588 3828 lurplen
618 3745 738 3820 dicitur,
768 3744 799 3807 in
829 3742 959 3807 feodum
988 3742 1169 3807 retinebunt
1190 3762 1228 3807 ac
1252 3745 1323 3827 jure
1344 3744 1436 3808 here·

94 3854 205 3920 ditario
231 3854 441 3937 possidebunt
473 3857 504 3917 el
538 3853 568 3916 in
602 3855 706 3916 castro
736 3850 980 3934 praenominato
1006 3851 1193 3934 heremanni
1214 3851 1435 3916 remanebunt.

94 3964 144 4028 Ad
168 3962 393 4028 declarandam
424 3983 500 4026 vero
528 3962 621 4044 huJus
650 3961 695 4024 rei
717 3959 908 4024 evidentiam
930 3963 1133 4042 praesentem
1154 3961 1302 4042 paginam
1326 3962 1435 4023 nostro

93 4090 131 4135 ac
164 4072 314 4136 ecclesiae
346 4075 473 4135 nostrae
513 4069 768 4150 Osnaburgensis
808 4067 914 4150 sigillis
954 4068 985 4131 in
1022 4066 1181 4132 sufficiens
1220 4066 1435 4131 testimonium

94 4180 239 4245 dedimus
281 4180 510 4260 consignatam.
563 4177 680 4241 Datum
722 4181 753 4241 et
795 4181 900 4241 actum
941 4174 1139 4255 Osenbruge‚
1183 4194 1268 4239 anno
1309 4174 1435 4239 Domini

93 4287 366 4365 M⁰CC⁰LXVlll⁰‚
390 4291 504 4369 quarto
526 4285 634 4350 Nonas
656 4285 748 4352 Junii.
