3210 5424
722 331 788 387 1275
1368 313 1431 379 379

80 489 313 571 privilegiorum
347 495 529 557 nostrorum
567 492 703 557 liberum
739 495 792 577 jus
824 494 1001 561 habeamus
1034 495 1170 577 elIgendi
1205 512 1431 577 quemcunque

80 596 228 661 volumus
260 599 292 661 in
324 599 513 664 advocatum
547 603 692 664 nostrum
726 604 758 665 et
790 603 889 666 nostri
921 603 1105 694 monasterii
1138 602 1350 680 defensorem,
1388 602 1431 667 ila

81 708 200 784 tamen,
234 707 320 787 quod
344 708 536 790 quicumque
558 708 677 773 electus
699 710 792 774 fuerit
814 729 834 774 a
855 710 959 789 nobis,
989 712 1208 775 investituram
1232 712 1263 774 et
1285 709 1431 774 infeoda-

80 814 200 877 tionem
224 814 306 878 dicte
327 815 493 880 advocatie
515 836 535 881 a
556 817 686 881 domino
706 815 948 883 Monasteriensi
970 817 1130 899 episcopo,
1154 818 1346 900 quicumque
1369 836 1429 898 pro

81 924 226 1002 tempore
249 905 350 1000 fuerit,
374 922 515 1004 recipere
534 928 689 1003 teneatur,
711 926 790 991 sicut
811 926 871 991 hec
892 925 1048 1008 premissa
1070 925 1101 989 in
1123 923 1291 1007 privilegiis
1314 923 1429 988 nostris

80 1048 178 1111 super
209 1030 270 1094 hoc
297 1031 448 1095 confectis
477 1032 601 1114 plenius
629 1033 842 1113 continentur,
875 1053 999 1116 nosque
1032 1033 1074 1097 ad
1107 1051 1240 1114 presens
1273 1032 1430 1097 advocato

80 1157 247 1202 careamus
271 1141 302 1202 el
324 1138 495 1203 defensore
517 1140 665 1222 legitimo,
700 1143 754 1223 qui
783 1141 831 1205 vel
859 1161 899 1206 ex
918 1142 990 1224 Jure
1011 1140 1060 1206 vel
1082 1159 1121 1204 ex
1145 1140 1298 1204 electione
1320 1138 1430 1203 nostra

80 1246 199 1327 aliquid
229 1247 287 1309 sibi
313 1248 392 1329 juris
422 1246 527 1311 valeat
557 1248 735 1327 vendicare,
768 1269 827 1332 pro
857 1249 982 1330 urgenti
1012 1248 1200 1312 necessitate
1230 1250 1262 1311 et
1292 1247 1430 1311 evidenti

79 1355 212 1418 ulilitate
235 1358 343 1418 nostra
365 1357 397 1418 et
418 1356 602 1420 monasterii
624 1356 732 1434 nostri,
766 1375 836 1421 cum
868 1356 960 1439 positi
988 1356 1087 1420 simus
1109 1355 1141 1418 in
1164 1355 1270 1419 medio
1293 1353 1429 1418 nationis

80 1479 229 1542 perverse
260 1465 290 1524 el
320 1463 475 1526 advocato
504 1466 601 1545 atque
632 1463 800 1528 defensore
821 1483 881 1553 pro
903 1463 1043 1544 presenti
1065 1481 1173 1526 carere
1197 1464 1342 1543 tempore
1364 1480 1430 1525 uon

79 1569 249 1650 possimus,
282 1570 322 1633 de
357 1589 516 1633 consensu
547 1571 648 1635 tocius
679 1574 855 1637 conventus
881 1571 990 1649 nostri,
1022 1569 1176 1652 requisito
1208 1569 1429 1634 nichilominus

80 1696 176 1759 super
203 1677 266 1741 hoc
293 1676 424 1741 consilio
451 1678 584 1742 aliorum
611 1679 785 1761 proborum
808 1679 957 1764 virorum,
991 1678 1206 1744 venerabilem
1239 1681 1365 1759 patrem
1398 1679 1431 1740 et

80 1786 245 1850 dominum
268 1787 413 1850 nostrum
431 1785 651 1851 Everhardum
674 1787 803 1852 ecclesie
823 1786 1082 1852 Monasteriensis
1105 1786 1240 1850 electum
1263 1789 1296 1849 et
1317 1803 1431 1867 quern·

79 1893 154 1957 libet
175 1895 243 1975 ejus
266 1912 484 1958 successorem
506 1894 539 1958 in
561 1889 747 1978 episcopatu
768 1894 1010 1960 Monasteriensi
1042 1895 1073 1958 in
1103 1896 1248 1958 nostrum
1278 1876 1310 1956 et
1332 1890 1431 1956 nostri

79 2003 262 2066 monasterii
291 2003 357 2066 sive
385 2006 561 2067 conventus
582 1978 775 2068 advocatum
798 2006 830 2067 et
850 2002 1064 2082 defensorem,
1098 2004 1255 2084 quantum
1285 1999 1327 2064 ad
1356 2017 1432 2081 per·

79 2130 175 2174 sonas
198 2114 230 2175 ot
251 2131 301 2175 res
324 2115 459 2191 nostras,
489 2112 659 2176 liberaliter
682 2111 863 2193 eligendum
886 2111 1035 2176 duximus
1057 2090 1254 2189 et'eligimus
1276 2124 1334 2188 per
1355 2125 1429 2187 pre-

80 2221 201 2293 sentes3
225 2218 313 2283 salvo
335 2224 442 2283 tamen
462 2221 533 2303 jure
555 2219 789 2302 privilegiorum
811 2223 993 2284 nostrorum
1016 2216 1048 2280 iu
1069 2216 1140 2293 hoc,
1164 2214 1251 2297 quod
1272 2214 1299 2277 si
1317 2213 1431 2294 aliquis

78 2324 335 2390 Monasteriensis
366 2327 543 2409 episcopus,
577 2326 630 2410 qui
663 2346 723 2409 pro
756 2330 902 2408 tempore
934 2326 1028 2402 esset,
1062 2324 1167 2405 gravis
1194 2327 1226 2386 et
1252 2322 1431 2387 honerosus

78 2435 172 2499 nimis
207 2453 244 2497 ac
276 2434 403 2512 inutilis,
441 2435 528 2516 quod
561 2434 717 2498 Dominus
750 2436 883 2511 avertat,
916 2431 1009 2496 nobis
1043 2431 1201 2510 existeret,
1233 2430 1357 2494 salvum
1391 2430 1431 2493 sit
1481 2475 1483 2479 «

79 2542 172 2606 nobis
205 2540 254 2605 vel
288 2541 421 2622 posteris
455 2542 570 2606 nostris
602 2542 671 2623 ipso
704 2543 828 2606 remoto
861 2540 894 2603 iu
922 2539 1026 2603 locum
1056 2540 1125 2621 ejus
1154 2557 1212 2620 per
1242 2537 1429 2601 electionem

80 2650 178 2715 alium
202 2649 360 2714 ordinare,
383 2649 418 2712 ln
440 2651 531 2732 quus
552 2649 597 2713 rei
619 2649 835 2715 testimonium
858 2648 958 2730 sigillo
981 2629 1156 2712 conventus
1178 2645 1279 2711 nostri
1295 2663 1429 2727 presens

79 2758 195 2839 pagina
218 2757 442 2821 communitur.
486 2757 603 2822 Datum
627 2759 659 2822 et
679 2759 785 2822 actum
809 2754 964 2834 Claholle,
995 2774 1080 2820 armo
1104 2754 1231 2819 Domini
1263 2753 1429 2818 millesimo

80 2864 299 2928 ducentesimo
322 2866 557 2946 septuagesimo
580 2865 702 2947 quinto,
724 2865 757 2929 in
779 2863 882 2945 vigilia
903 2863 1075 2928 nativitatis
1098 2863 1234 2928 Domini.

206 2990 279 3061 §bot
308 2995 415 3079 &leuel
447 3015 486 3063 ou
517 2993 930 3079 percontarenturque
965 2993 1026 3077 febr
1060 2999 1113 3077 qut
1144 2993 1276 3077 truciter
1309 2992 1426 3079 (defit.

81 3105 189 3189 &equ
214 3105 285 3185 112,
307 3106 352 3189 3).

79 3492 154 3560 547.
175 3530 217 3541 -
238 3491 330 3572 1275,
352 3491 520 3576 mertula
542 3492 593 3562 27.

250 3623 316 3691 §aet
338 3622 477 3707 eruditu
497 3621 613 3706 ttifdot
626 3625 777 3710 auertunt
794 3643 853 3693 oon
868 3626 1007 3707 uitulo
1029 3627 1136 3694 uimmt
1158 3627 1214 3694 bot
1237 3627 1427 3696 oauobtttdet

247 3731 361 3810 ftloitet
383 3730 522 3815 disciola
545 3731 594 3799 ur
616 3733 698 3816 (nom
719 3733 833 3814 tllofter
855 3735 1020 3820 cttoreuct)
1043 3735 1235 3821 &dirumpi
1266 3737 1299 3803 iu
1328 3736 1427 3818 icium

247 3839 360 3921 &dua

342 3969 485 4041 Drtqiuul:
504 3968 666 4041 &utillimos
685 3971 782 4045 tituto
802 3977 830 4031 lu
845 3975 947 4046 ficeto.
969 3976 1040 4047 itud)
1060 3976 1104 4034 aar
1119 3975 1250 4048 libitumst
1262 3978 1291 4032 tu
1304 3975 1374 4046 iilic.
1389 3976 1428 4043 ΙΙ,

342 4059 376 4113 75
396 4057 433 4115 (ὅ.
453 4057 470 4112 5
490 4056 537 4113 ted
557 4057 771 4132 &nummulus
790 4061 927 4135 fiturrltcr,
955 4064 1069 4134 qrbtudt
1092 4064 1133 4121 het
1157 4063 1308 4132 tiliorum,
1334 4063 1425 4135 {belli

342 4144 424 4203 aar.
443 4146 485 4199 111
505 4143 555 4201 lit.
575 4149 636 4203 976.

200 4262 401 4329 Everlrardus
433 4265 492 4330 Dei
527 4267 628 4346 gratia
660 4267 791 4332 ecclesie
822 4267 1081 4334 Monasteriensis
1119 4271 1237 4335 electus
1275 4273 1425 4338 omnibus

75 4385 208 4445 presens
241 4371 392 4452 scriptum
425 4373 619 4438 intuentibus
651 4377 764 4439 notum
796 4374 940 4455 facimus,
974 4376 1061 4458 quod
1090 4426 1097 4442 .
1127 4425 1134 4439 .
1161 4376 1358 4458 prepositum
1386 4426 1427 4442 ..

74 4473 214 4554 priorem
251 4480 417 4561 totumque
454 4484 648 4545 conventum
690 4482 874 4547 monasterii
913 4484 945 4547 in
985 4483 1128 4549 Claholte
1169 4483 1426 4568 Osnaburgensis

74 4582 227 4663 dyocesis,
261 4590 416 4666 quantum
449 4587 491 4651 ad
523 4605 678 4669 personas
709 4591 741 4652 et
770 4608 821 4655 res
854 4610 975 4670 eorum,
1008 4592 1073 4656 sive
1103 4592 1237 4658 mobiles
1269 4593 1335 4658 sive
1359 4578 1426 4659 ‘im-

73 4690 207 4755 mobiles
230 4692 301 4769 sint,
332 4694 497 4775 tamquam
528 4693 701 4759 advocatus
731 4698 764 4760 et
790 4696 941 4763 defensor
962 4699 1120 4782 legitimus
1142 4703 1173 4765 in
1197 4705 1339 4767 nostram
1363 4705 1424 4769 tui·

73 4799 205 4879 tionem,
240 4798 459 4863 defensionem
492 4802 590 4883 atque
620 4801 849 4883 protectionem
878 4804 1066 4887 recepimus,
1100 4808 1322 4889 promittentes
1349 4811 1426 4893 ipsis

70 4926 128 4987 per
154 4910 330 4989 presentes,
364 4907 452 4989 quod
483 4902 570 4989 ipsos
601 4910 633 4973 et
663 4927 774 4974 eorum
801 4910 889 4977 bona
917 4915 1082 4994 tamquam
1103 4918 1213 4982 nostra
1235 4920 1267 4983 et
1289 4918 1422 4987 ecclesie
