3210 5424
705 310 772 366 1280
1352 288 1414 353 475

188 470 263 537 Otto
285 471 343 536 Dei
364 473 466 555 gratia
494 492 601 538 comes
623 473 655 537 in
678 473 905 555 Ravensberge
935 472 1083 537 omnibus
1112 470 1273 554 presentia
1303 469 1415 533 visuris
1519 505 1522 511 ·

59 577 197 642 salutem
214 577 248 642 in
266 577 412 645 Domino.
436 579 592 645 Constare
614 579 761 645 volumus
783 579 983 662 presentibus
1006 597 1066 642 nec
1088 581 1234 660 posteros
1256 576 1412 657 ignorare,

60 686 150 768 quod
182 706 255 751 cum
288 686 361 752 olim
396 691 467 752 orta
499 688 608 753 fuisset
634 687 788 753 dissensio
816 687 899 751 inter
929 685 1095 750 ecclesiam
1117 683 1350 766 Angarlensem
1374 702 1414 747 ex

60 796 152 876 parte
175 813 239 859 una
262 797 294 858 et
314 813 375 859 nos
397 815 437 858 ex
459 794 559 859 altera
580 813 639 877 pro
661 794 853 876 quibusdam
876 795 960 876 agris
982 814 1082 878 penes
1103 793 1209 858 viliam
1224 792 1411 857 Osterwede

60 902 136 978 sitis,
167 920 258 983 quos,
291 904 386 982 prout
418 904 643 966 sententiatum
675 902 742 981 iuit,
774 921 833 982 per
854 905 980 967 nostros
1008 901 1197 967 castellanos
1220 903 1252 965 et
1273 901 1414 965 seniores

59 1008 253 1073 marchiotas
275 1009 308 1072 in
331 1009 493 1073 Versmele
514 1012 645 1092 propter
668 1011 835 1093 antiquam
867 1014 899 1074 et
930 1009 1084 1076 diutinam
1112 1009 1254 1091 ipsorum
1286 1026 1414 1090 posses-

60 1115 183 1180 sionem
215 1118 279 1178 tres
301 1116 483 1180 sacerdotes
506 1117 547 1180 de
569 1116 707 1200 capitulo
729 1119 949 1201 Angarenensi
971 1117 1115 1183 videlicet
1137 1118 1286 1183 dominus
1307 1115 1414 1180 Gode-

61 1222 160 1287 lridus
182 1222 222 1286 de
243 1222 360 1301 Rethe‚
393 1223 541 1288 dominus
572 1225 734 1290 Johannes
757 1227 798 1291 de
820 1227 897 1291 Surs
928 1230 961 1290 et
991 1226 1143 1307 magister
1164 1223 1354 1289 Godelridus
1381 1222 1412 1285 in

60 1333 129 1414 ipsa
161 1332 293 1397 ecclesia
326 1332 489 1398 Versmele
525 1333 557 1398 in
590 1334 708 1398 missali
741 1334 801 1398 sub
834 1334 916 1399 stola
948 1335 1135 1417 optinebant
1167 1332 1298 1416 prestito
1324 1332 1413 1414 jura·

59 1445 170 1505 mento
202 1440 405 1521 presentibus
438 1440 610 1506 Godefrido
641 1442 790 1524 plebano,
827 1441 962 1507 lieberto
1000 1445 1110 1507 nostro
1150 1438 1349 1523 tbincprooio
1381 1440 1413 1502 et

60 1548 203 1631 pluribus
226 1548 417 1614 marchiotis.
440 1549 651 1615 Postmodum
673 1570 749 1616 vero
770 1551 884 1616 Petrus
906 1551 1008 1617 abbas
1031 1554 1062 1614 et
1084 1553 1260 1615 conventus
1282 1546 1414 1613 ecclesie

59 1657 161 1720 sancti
183 1656 356 1721 Clementis
379 1655 410 1720 in
432 1656 543 1739 Yburg
573 1658 613 1722 de
641 1663 750 1724 nostro
779 1677 938 1723 consensu
965 1661 997 1722 et
1025 1656 1126 1721 libera
1154 1655 1317 1719 voluntate
1338 1673 1413 1737 pre·

62 1765 163 1829 dictos
192 1784 287 1846 agros
317 1765 358 1829 ab
380 1764 513 1830 ecclesia
534 1765 722 1848 Angariensi
754 1785 814 1848 pro
844 1766 944 1831 tribus
977 1765 1093 1829 marcis
1121 1765 1208 1847 juste
1242 1764 1411 1847 emptionis

61 1872 152 1936 titulo
174 1874 409 1954 compararunt.
453 1873 490 1936 In
519 1873 609 1956 cujus
634 1873 679 1937 rei
689 1872 716 1957 ¹)
747 1873 972 1951 testimonium,
1005 1892 1046 1935 ne
1068 1891 1088 1936 a
1110 1872 1202 1938 nobis
1224 1871 1275 1937 vei
1296 1872 1414 1937 nostris

60 1978 296 2043 successoribus
318 1979 490 2045 heredibus
512 1981 569 2064 ipsi
588 1981 719 2046 ecclesie
734 1983 767 2046 in
782 1980 893 2062 Yburg
908 1980 1032 2063 questio
1055 1979 1105 2042 vei
1127 1979 1259 2044 dubium
1283 1978 1414 2061 aliquod

61 2085 189 2165 oriatur,
213 2086 257 2150 eis
274 2092 457 2169 presentem
473 2089 610 2155 litteram
625 2095 734 2156 nostro
751 2089 851 2171 sigillo
865 2089 1012 2153 dedimus
1028 2088 1269 2153 communitam.
1292 2085 1409 2152 Datum

62 2212 147 2257 anno
170 2194 295 2259 Domini
317 2194 652 2277 M⁰CC⁰LXX⁰VIIII⁰‚
675 2199 744 2281 ipso
765 2197 816 2262 die
838 2197 933 2260 beate
957 2195 1080 2276 Brigide
1103 2194 1240 2276 virginis.

169 2351 190 2418 ¹)
208 2349 261 2407 Dr.
281 2351 344 2406 reri.

185 2491 363 2577 &metretis
385 2489 556 2577 britimaco.

58 2771 133 2838 673.
155 2809 197 2818 -
219 2770 410 2853 Oinotrtd,
432 2771 530 2853 1280,
553 2768 648 2856 littra
670 2771 724 2842 26.

228 2909 328 2976 titillet
350 2908 438 2993 bopo
461 2927 520 2977 non
542 2910 679 2993 eappan
709 2909 884 2994 octpt‘c'nbet
913 2912 978 2978 tem
1000 2909 1114 2987 ittotter
1137 2909 1333 2991 berteubrtd
1363 2910 1410 2977 cto

225 3015 302 3082 litte
334 3018 366 3083 in
395 3016 533 3100 ubertim
568 3022 656 3086 nater
687 3019 883 3102 baltericum
916 3019 968 3086 ber
999 3017 1198 3102 burtonam
1232 3018 1326 3095 teinet
1359 3019 1410 3085 inc

226 3123 339 3201 ittottcr
361 3125 626 3210 ouigenomnrencn
648 3127 770 3209 acriter
800 3128 862 3194 nno
893 3133 981 3194 aruer
1004 3126 1181 3212 gettiebene
1203 3128 1254 3194 bet
1276 3126 1407 3194 auterre

226 3233 619 3320 cintttnnpcbcbiuqrmocn.
664 3233 735 3319 aar.
759 3234 832 3302 oben
856 3234 913 3302 tir.
936 3233 1008 3300 653.

320 3366 396 3437 ssrnel
415 3366 775 3440 DrtplnoIoussterttssunssm
794 3369 840 3437 (A,
858 3370 898 3437 Β)
917 3369 954 3425 im
973 3365 1177 3437 bicameratio.

183 3484 343 3550 Universis
365 3485 481 3551 Christi
513 3487 660 3553 fidelibus
690 3489 775 3553 hanc
806 3488 944 3552 litteram
977 3485 1089 3550 visuris
1115 3488 1148 3550 et
1169 3481 1323 3548 audituris
1347 3502 1407 3567 ego

56 3590 150 3673 Hugo
172 3592 262 3656 miles
284 3593 385 3658 dictus
408 3595 449 3659 de
463 3594 626 3679 Cappelen
648 3598 761 3661 notum
783 3595 864 3660 facio
887 3598 919 3659 et
940 3597 1057 3677 scripto
1075 3592 1216 3676 presenti
1237 3594 1408 3674 protestor,

57 3701 144 3782 quod
175 3719 240 3765 una
266 3721 339 3766 cum
361 3701 447 3767 tutta
469 3721 569 3770 uxore
590 3724 674 3785 mea,
708 3705 845 3788 Hugone
863 3707 895 3769 et
916 3702 1063 3768 iohanne
1084 3702 1154 3767 tiliis
1176 3700 1408 3766 achoredibus
1480 3725 1482 3728 ⁴

57 3811 146 3888 meis,
174 3809 301 3874 vendidi
330 3813 362 3873 et
391 3810 423 3874 in
450 3812 521 3894 jure
549 3812 652 3877 dimisi
682 3814 815 3879 domum
838 3831 937 3876 unam
959 3812 991 3875 in
1012 3810 1084 3875 villa
1105 3810 1238 3874 Ahusen
1260 3808 1353 3873 sitam
1376 3809 1408 3873 in

56 3918 222 4000 parrochia
244 3916 391 3981 Ancbem
414 3935 488 3982 curn
510 3918 633 4003 omni1)
655 3919 844 4003 integritate,
867 3921 992 4004 juribus
1014 3923 1045 3985 et
1066 3918 1219 3984 fructibus
1242 3918 1308 3983 suis
1330 3938 1408 3985 con-

56 4025 163 4088 ventui
186 4023 369 4089 monasterii
391 4027 500 4089 sancte
523 4025 621 4090 Marie
642 4028 675 4090 in
697 4027 919 4112 Bersenbruge
949 4048 1008 4112 pro
1040 4026 1270 4111 quinquaginta
1292 4027 1408 4092 marcis

55 4130 164 4211 legalis
186 4135 324 4213 monete,
354 4133 395 4197 de
417 4131 532 4216 quibus
554 4133 692 4199 denariis
712 4135 870 4218 recepisse
897 4156 950 4201 me
976 4136 1128 4217 profiteor
1149 4137 1181 4199 et
1201 4133 1405 4216 presentibus

56 4241 215 4319 protestor
237 4240 446 4322 quadraginta
469 4259 593 4306 marcas
614 4240 675 4306 boc
698 4241 809 4307 modo:
832 4242 939 4325 viginti
962 4247 993 4308 et
1012 4245 1149 4325 quatuor
1168 4259 1302 4319 marcas,
1326 4258 1407 4323 quas

57 4344 115 4424 ipsi
149 4349 318 4411 conventui
350 4349 469 4413 contuli
501 4350 543 4414 ad
576 4350 797 4415 emendandos
823 4351 966 4415 redditus
996 4349 1234 4433 prebendamrn
1266 4367 1407 4429 suarum,

57 4452 187 4532 quando
220 4451 317 4517 liliam
352 4474 459 4520 meam
491 4455 650 4521 Albeidim
681 4457 715 4522 in
746 4475 842 4522 suum
874 4459 1075 4523 consorcium
1107 4455 1235 4539 recepit,
1269 4456 1408 4520 sedecim

56 4579 182 4624 marcas
204 4562 308 4641 recepi
330 4562 371 4626 ad
393 4581 470 4627 usus
491 4583 582 4630 meos
604 4564 645 4629 de
666 4582 765 4629 manu
786 4564 963 4630 Hermanni
985 4564 1058 4630 dicti
1078 4565 1119 4629 de
1131 4563 1247 4628 Threle
1269 4563 1409 4629 officialis

56 4668 129 4733 dicti
168 4670 344 4733 conventus
382 4669 415 4733 in
453 4669 551 4736 domo
583 4671 754 4737 Absalonis
786 4673 828 4739 dc
859 4673 990 4752 Bersen,
1029 4671 1169 4753 magistri
1206 4671 1409 4737 scabinorum

56 4776 188 4841 civitatis
211 4774 477 4858 Osnaburgensis.
521 4776 610 4841 idem
633 4796 710 4843 vero
731 4782 907 4844 conventus
929 4799 969 4844 ex
991 4779 1120 4863 speciali
1142 4779 1310 4845 dilectione
1331 4762 1426 4844 mihi'

55 4886 128 4950 fecit
149 4886 283 4968 gratiam
306 4887 338 4949 et
358 4884 467 4950 lavore
489 4884 620 4950 arbitrio
641 4903 716 4952 meo
743 4887 956 4969 committens,
987 4890 1022 4953 ut
1043 4888 1070 4953 si
1092 4887 1210 4955 dictam
1232 4889 1365 4955 domum
1387 4906 1409 4957 a
