3210 5424
772 327 841 383 1773
1425 315 1487 382 329

126 487 204 557 476.
231 527 269 538 -
294 489 455 576 (117111)

295 647 361 715 iter
399 645 541 729 diethero
577 644 731 725 normann
769 666 829 715 oon
869 645 999 731 nolimu
1040 649 1176 735 teignirt
1216 653 1280 721 tem
1316 653 1482 737 titelheim

297 755 484 840 (ticinium)
517 774 577 823 oon
610 756 717 840 illuns
749 757 796 824 tie
831 757 940 842 itogtei
973 759 1055 826 eines
1088 759 1183 828 dites
1216 762 1249 829 in
1282 763 1414 846 Adorpe
1445 800 1485 810 —

297 864 432 946 northen
468 864 537 946 oud
574 864 735 948 {tolonum
774 864 843 945 ilai
881 867 929 933 ote
968 866 1178 950 iotstomirtet
1214 866 1484 954 ilitetleinenonn

297 972 407 1055 totoni
438 972 568 1057 torpidi
599 972 723 1057 geleistet
761 1009 794 1019 -
833 973 887 1040 mit
918 973 968 1042 ber
991 974 1184 1061 notingum
1213 976 1251 1054 ite
1283 978 1349 1045 tem
1371 978 1486 1058 illudet

296 1081 492 1163 1117111111
513 1099 548 1164 gu
570 1081 759 1166 utentogen.

394 1236 526 1380 ξέθῑεῇΙτῙίἑῖ
544 1237 592 1295 bet
611 1238 654 1310 14.
672 1235 775 1308 tingri.
794 1238 824 1294 ln
842 1236 912 1308 title.
927 1239 989 1307 161,
1001 1240 1044 1295 76.
1064 1239 1163 1298 iitud:
1183 1240 1324 1313 &enituit
1343 1244 1388 1314 (gu
1401 1243 1483 1313 1276)

424 1338 447 1379 τ.
521 1366 527 1379 .

254 1467 329 1533 Viro
350 1466 448 1532 nobili
470 1467 511 1532 de
533 1466 622 1532 dhus
645 1466 850 1532 Hermaunus
877 1468 992 1533 nobilis
1017 1470 1058 1534 de
1079 1469 1239 1553 Hastorpe
1270 1474 1419 1555 paratam
1442 1472 1485 1537 ad

124 1574 328 1659 beneplacita
366 1575 574 1640 volunlatem.
618 1574 780 1641 Nobilitati
818 1579 923 1641 vestre
965 1578 1058 1660 cupio
1099 1580 1257 1656 constare,
1299 1579 1388 1661 quod
1427 1580 1487 1645 ad·

125 1684 285 1751 vocalium
308 1683 401 1748 unius
423 1683 539 1749 domus
561 1686 594 1748 in
615 1683 789 1769 Adorpe,²)
822 1703 921 1768 quam
952 1683 994 1749 de
1024 1703 1123 1750 manu
1152 1689 1258 1751 vestra
1284 1688 1357 1770 jure
1390 1691 1485 1754 teneo

126 1794 256 1873 feodali,
279 1793 410 1858 domino
432 1790 569 1857 iohanni
588 1790 680 1875 Vulpi
703 1792 821 1858 contuli
843 1793 958 1857 eodem
977 1794 1059 1876 jure.
1082 1791 1187 1870 Quam
1211 1793 1297 1860 idem
1320 1794 1484 1862 lohannes

125 1902 205 1967 mihi
227 1905 259 1967 et
281 1921 340 1984 ego
363 1900 518 1966 nobilitati
538 1904 644 1965 vestre
666 1900 698 1965 in
720 1901 942 1965 remissionem
973 1903 1178 1984 peccatorum
1208 1905 1391 1969 nostrorum
1423 1902 1484 1969 sub

123 2011 181 2076 tali
203 2009 383 2076 conditione
405 2009 614 2093 proponimus
636 2010 808 2091 resignare,
839 2013 875 2073 ut
906 2028 963 2074 vos
995 2010 1027 2074 in
1048 2010 1227 2076 remedium
1249 2009 1357 2076 anime
1378 2015 1484 2077 vestre

125 2119 244 2185 dictam
267 2118 466 2184 advocatiam
489 2117 625 2199 gloriose
646 2117 757 2198 virgini
778 2116 877 2183 Mario
898 2136 1024 2183 necnon
1047 2121 1079 2183 et
1101 2116 1218 2183 Christi
1252 2117 1426 2200 virginibus
1452 2119 1485 2183 in

123 2228 368 2309 Bersenbrugge
390 2225 458 2291 Deo
480 2225 708 2291 famulantibus
731 2225 875 2291 conferre
897 2225 1007 2290 velitis.
1050 2225 1144 2291 Unde
1165 2243 1224 2308 pro
1251 2224 1328 2308 ipsis
1351 2230 1383 2290 et
1407 2245 1481 2291 cum

124 2336 203 2421 ipsis
224 2334 367 2418 supplico
389 2337 495 2399 vestre
516 2333 638 2415 pietati,
674 2334 844 2415 quominus
875 2353 934 2417 per
962 2353 1095 2416 presens
1126 2333 1280 2415 scriptum
1305 2334 1484 2416 predictam

124 2443 328 2510 advocatiam
359 2460 379 2506 a
408 2440 501 2506 nobis
530 2441 672 2524 recipere
701 2441 803 2505 velitis
834 2444 866 2506 et
894 2441 1029 2522 gloriose
1060 2440 1172 2523 virgini
1193 2439 1292 2505 Marie
1314 2444 1346 2506 el
1368 2440 1484 2507 Christi

125 2550 299 2634 virginibus
321 2548 452 2635 prefatis
474 2553 630 2632 perpetuo
652 2548 882 2632 possidendam
904 2548 1049 2613 conferre
1071 2551 1104 2613 et
1123 2548 1320 2631 privilegium
1342 2552 1483 2614 vestrum

125 2678 225 2743 super
264 2658 325 2724 hae
363 2657 536 2723 donatione
574 2656 754 2723 coniectum
789 2656 865 2740 ipsis
903 2657 1076 2740 dignemini
1112 2657 1284 2724 liberaliter
1319 2658 1483 2742 impertiri,

125 2769 273 2847 scientes,
306 2766 393 2849 quod
432 2764 493 2830 alia
530 2766 616 2831 bona
648 2785 669 2831 a
701 2765 793 2832 vobis
825 2768 931 2843 teneo,
970 2763 1103 2829 domum
1140 2783 1240 2830 unam
1273 2764 1420 2830 videlicet
1451 2765 1484 2830 in

126 2875 310 2961 Beverem)
341 2893 414 2940 curn
446 2875 612 2940 advocatia
634 2876 666 2939 et
688 2874 837 2940 omuibus
868 2872 1051 2952 attinendis,
1085 2891 1183 2956 quam
1206 2871 1369 2938 lohannes
1392 2872 1484 2939 miles

126 2986 230 3050 dicius
252 2983 361 3067 Vulpis
384 3002 404 3047 a
426 3001 479 3046 me
501 2985 591 3047 leuet
611 2983 642 3047 in
666 2981 770 3060 feodo,
802 2981 883 3046 duas
906 2981 1030 3060 domos,
1061 3000 1142 3064 quas
1165 2981 1280 3046 eodem
1300 2983 1372 3066 jure
1394 2983 1485 3046 tenet

127 3090 316 3158 Thidericus
338 3090 429 3155 miles
452 3090 553 3155 dietus
575 3088 662 3154 Mule
683 3090 715 3154 in
736 3089 810 3154 villa
831 3088 957 3174 Alen‚⁴)
989 3088 1066 3154 item
1088 3108 1188 3155 unam
1211 3089 1354 3168 domum,
1384 3108 1482 3174 quam

128 3203 217 3266 tenet
233 3199 386 3265 Ludollus
403 3199 444 3264 de
463 3197 699 3263 Brochterbeke
718 3198 810 3281 juxta
832 3196 950 3278 villam,
973 3216 1036 3281 que
1058 3202 1190 3264 vocatur
1208 3198 1484 3285 Cophenovere‚⁶)

129 3310 210 3374 duas
233 3308 348 3374 domos
370 3308 401 3371 in
423 3307 579 3386 Beveren,
602 3324 683 3388 quas
705 3308 794 3371 tenet
814 3305 1034 3372 Bertrammus
1056 3307 1147 3373 miles
1170 3307 1211 3373 de
1232 3305 1389 3374 Knehem.
1420 3306 1484 3373 Pro

128 3414 189 3480 hiis
212 3418 245 3480 et
266 3414 374 3479 multis
401 3414 468 3479 aliis
490 3413 649 3480 fidelitalis
680 3414 830 3496 homagio
861 3414 951 3480 vobis
980 3434 1052 3480 sum
1079 3417 1235 3482 astrictus.
1279 3414 1402 3480 Dictum
1425 3415 1485 3480 ad-

128 3523 287 3590 vocatiam
325 3542 391 3588 non
427 3521 637 3605 resignamus,
675 3523 700 3587 si
737 3523 840 3606 ipsam
878 3523 985 3588 statim
1022 3541 1089 3587 non
1126 3522 1276 3588 dederitis
1314 3522 1485 3588 conventui

129 3635 320 3699 memorato.

238 3813 259 3880 1)
278 3811 343 3883 sgr.
363 3817 448 3870 umen
467 3811 507 3868 ne
526 3811 650 3870 utrum
669 3817 731 3869 anm
750 3815 775 3869 9.
795 3813 960 3882 solemia
979 3813 1048 3870 mre
1067 3812 1117 3870 m.
1136 3813 1198 3869 496.
1225 3843 1258 3852 -
1287 3812 1310 3881 ²>
1329 3810 1383 3870 ste
1402 3795 1485 3868 tine

130 3897 215 3971 ldptlit
234 3900 271 3955 tm
290 3898 391 3967 auom
410 3898 509 3955 toutet:
529 3900 562 3955 do
581 3901 757 3970 Adesdorpe3
776 3899 842 3957 ittet
861 3899 906 3956 tet
919 3899 1050 3973 attinuit
1070 3899 1114 3956 ter
1133 3897 1348 3970 entiprettimten
1361 3899 1485 3957 tlrtunte

130 3993 193 4042 nom
212 3987 238 4041 9.
258 3985 421 4055 september
440 3988 510 4043 1773
529 3987 606 4059 itant:
629 3990 700 4044 Item
719 3991 753 4045 da
771 3989 963 4045 wederstede
982 3989 1032 4045 mit
1050 3986 1243 4059 tiegugnotme
1271 3984 1319 4057 oui
1344 3987 1401 4043 elne
1424 3991 1485 4042 noe

130 4074 292 4146 impatiente
311 4075 435 4132 utiunte
463 4081 526 4133 nom
544 4078 587 4132 31.
607 4074 822 4146 3111111277,
849 4074 941 4144 metuit
969 4076 1003 4130 de
1032 4074 1135 4130 duabus
1153 4074 1276 4143 commu)
1298 4073 1361 4129 sitis
1379 4073 1407 4128 in
1424 4089 1484 4142 por-

130 4165 224 4220 roohia
240 4164 432 4219 Weetorstede
451 4165 559 4220 nomine
577 4163 767 4231 Adesethorpe
786 4160 904 4230 hauteil.
924 4159 1060 4230 ibenium]
1079 4159 1171 4230 milite
1189 4161 1299 4230 Adorpe
1319 4160 1364 4216 ais
1383 4159 1484 4230 illitati

130 4249 226 4321 [sittim
253 4254 306 4305 oon
325 4248 525 4321 morientum„
552 4249 619 4306 ttmt
642 4247 815 4319 Dltmtutgs
842 4246 1031 4318 angelmodam
1055 4246 1169 4304 mutan.
1207 4244 1393 4316 tintetetleite
1414 4245 1485 4302 tono

131 4335 194 4407 ouri
223 4336 266 4391 ain
284 4334 418 4406 {initium
447 4336 494 4393 tes
513 4335 632 4405 sonus
660 4335 796 4406 notllegm
825 4333 880 4391 unt
909 4335 981 4391 torm
1009 4334 1104 4391 tinnte
1128 4334 1239 4402 Adorpe
1267 4332 1330 4402 1111)
1358 4331 1404 4389 old
1433 4332 1484 4389 tot

130 4421 335 4493 nitetllegente
354 4422 410 4479 unt
430 4421 565 4493 [prosiliit
584 4420 834 4492 motdmelnlldete
847 4419 970 4490 unimus
988 4419 1134 4477 utrumme
1147 4419 1236 4488 <illem
1254 4419 1321 4476 tlmt
1337 4418 1486 4491 onningen,

131 4509 252 4582 gebeutet
271 4509 386 4576 merten„
413 4519 455 4565 mn
484 4509 547 4579 oud)
576 4508 627 4565 tue
656 4512 741 4565 untm
769 4506 1030 4580 panormitanam
1060 4520 1093 4578 gu
1121 4506 1212 4578 iumen
1235 4506 1288 4577 [ein
1313 4507 1412 4564 mitte.
1449 4539 1483 4548 -

131 4597 155 4665 ⁸)
174 4595 294 4656 lienem,
312 4596 390 4653 uem.
410 4595 499 4664 dilen,
517 4595 584 4652 amr
602 4595 749 4666 sstnlngen.
773 4624 807 4634 -
834 4593 857 4661 ⁴)
878 4591 978 4662 titteris
995 4591 1041 4648 st.
1061 4591 1172 4651 uenam
1192 4593 1254 4651 obet
1271 4593 1313 4650 tel
1332 4593 1484 4663 erantne„

131 4683 178 4742 ar.
199 4681 359 4753 titulentur?
377 4682 439 4739 oter
457 4680 564 4753 putten
584 4681 625 4737 hel
644 4680 793 4751 iitenssloge
812 4679 874 4735 oter
892 4678 981 4751 poten
1000 4677 1041 4734 tet
1060 4678 1274 4752 momentum?
1293 4711 1326 4721 -
1346 4683 1368 4750 l)
1388 4681 1404 4736 ?
