3210 5424
729 361 795 418 1253
933 400 937 409 -
1392 349 1429 413 61

121 523 322 607 n-lma
343 523 439 610 auru
460 525 490 596 1.

262 658 326 726 mu
357 657 496 742 eruditu
522 653 638 737 liiidof
660 653 769 722 lirum
791 653 979 737 beuttuutet,
1010 655 1067 737 teir
1097 675 1129 725 er
1157 657 1221 726 bem
1250 658 1369 741 depilet
1398 677 1433 743 gu

263 767 315 834 61.
332 766 459 851 Seium
481 764 530 831 ott
546 763 640 845 unet
662 764 713 831 bet
731 764 898 845 &detera
919 764 1041 847 melden
1063 776 1095 833 et
1117 767 1202 850 turcl)
1218 765 1274 834 beu
1291 766 1433 852 wiotan:

260 874 324 956 leid
353 873 406 940 ber
437 889 533 940 neuen
562 870 671 955 illudit
702 872 830 954 ettitteu,
863 872 1258 960 austremonium
1289 885 1347 942 eut
1377 876 1433 943 ten

258 981 377 1049 ttedecn
398 982 449 1048 tet
471 979 705 1045 Winnichmolc
734 981 795 1047 uuo
826 981 877 1048 tet
906 981 1003 1067 iungit
1031 984 1064 1050 in
1088 982 1197 1052 unbem
1224 1001 1433 1067 genommeuen

259 1089 356 1172 mune
378 1089 555 1170 ibernieieu
577 1089 659 1174 pube.

354 1222 485 1295 &timuit
503 1222 551 1280 tet
570 1223 612 1279 14.
631 1222 733 1295 Quiri.
752 1225 781 1280 tu
800 1223 869 1297 iilic.
888 1225 951 1295 201,
969 1223 1029 1278 120.
1066 1221 1162 1280 munt:
1188 1221 1434 1296 mrirericeemue„

354 1309 497 1381 diuidimur
515 1309 560 1367 tec
578 1309 667 1367 &tout
686 1309 737 1366 ur.
755 1311 799 1365 26.

220 1427 323 1493 Bruno
344 1427 400 1493 Dei
422 1429 528 1512 gracia
548 1427 803 1512 osnaburgensis
826 1430 944 1495 electus
965 1431 1135 1495 novissime
1145 1430 1171 1516 ¹)
1194 1431 1338 1514 cupimus
1363 1434 1434 1498 uni·

125 1535 236 1622 remisit)
264 1540 330 1602 tam
362 1540 509 1620 posteros
543 1556 639 1620 quam
671 1541 847 1620 presentes,
881 1539 967 1622 quod
1000 1558 1072 1604 cum
1104 1559 1163 1605 nos
1195 1540 1237 1604 ad
1267 1541 1434 1629 utilitatem

124 1664 208 1709 mense
223 1649 327 1711 nostre
344 1645 564 1724 molendinum
586 1665 706 1711 novum
729 1647 831 1711 extrui
850 1647 1033 1712 fecissemus
1051 1647 1214 1713 laboribus
1230 1650 1434 1732 sumptuosis,

124 1752 316 1834 perfectionem
338 1754 458 1819 habere
480 1774 545 1819 non
567 1755 680 1837 potuit,
711 1756 770 1819 nisi
800 1756 969 1820 conventui
1000 1756 1131 1821 ecclesie
1161 1758 1260 1822 sancti
1282 1756 1436 1822 Johannis

125 1858 215 1927 Omalr.
241 1863 416 1945 dampnum
451 1866 483 1928 et
514 1863 721 1945 prejudicium
753 1862 983 1948 feceremus(!).
1027 1863 1252 1930 Excrescencia
1284 1866 1370 1931 enim
1403 1869 1435 1931 et

124 1969 265 2051 amplitudo
284 1971 407 2054 piscine
428 1970 494 2034 suis
514 1970 657 2034 terminis
678 1990 772 2052 agros
794 1975 825 2036 et
847 1974 940 2053 prata
969 1971 1067 2054 ipsius
1097 1972 1223 2055 capituli
1251 1973 1282 2037 in
1308 1976 1435 2056 pascuis

124 2095 170 2141 nun
188 2079 347 2165 modicam)
370 2077 545 2161 occupavit.
569 2077 660 2142 Unde
683 2098 742 2143 nos
763 2078 803 2142 de
822 2097 979 2143 consensu
1000 2082 1032 2143 et
1048 2080 1177 2145 consilio
1192 2080 1318 2163 capituli
1335 2084 1434 2148 nostri

124 2187 221 2268 majoris
242 2187 271 2250 in
293 2189 474 2252 restaurum
496 2188 561 2252 sire
583 2187 615 2251 in
637 2206 868 2269 recompensam
889 2186 1001 2251 decani
1018 2187 1162 2269 premissi
1184 2189 1242 2270 ipsi
1265 2193 1434 2256 conventui

124 2293 224 2359 ecclesie
243 2297 343 2361 saneti
364 2295 518 2361 iohannis
541 2296 687 2361 dedimus
710 2298 741 2359 et
763 2294 992 2376 assignavimus
1016 2299 1152 2378 quatuor
1173 2297 1287 2362 molcia
1307 2299 1435 2381 siliginis

124 2404 243 2482 elordei
264 2423 328 2488 que
350 2404 391 2468 de
413 2404 496 2486 agris
519 2403 774 2468 Winnichmolen
797 2407 828 2467 el
850 2403 957 2467 mirica
979 2405 1102 2468 noviter
1124 2405 1247 2470 exculta
1269 2407 1434 2490 percipere

123 2509 283 2577 solebamus.
306 2512 406 2594 Cujus
428 2530 555 2578 aunone
577 2512 671 2594 Hugo
693 2513 734 2578 de
757 2511 912 2576 Dalehem
934 2517 967 2575 et
986 2511 1121 2577 heredes
1144 2513 1240 2595 ipsius
1262 2514 1321 2579 tria
1343 2515 1432 2595 mult,

123 2615 294 2685 dermannus
310 2619 503 2685 deLothere
525 2622 557 2683 et
579 2621 626 2684 sui
648 2619 783 2684 heredes
805 2620 1029 2698 octomodos,
1051 2619 1160 2685 Bruuu
1177 2621 1433 2688 dictusNetelren

123 2726 145 2787 et
166 2726 288 2793 heredes
317 2728 462 2810 ejusdem
495 2731 633 2811 quatuor
662 2729 786 2794 modios
817 2749 875 2811 per
901 2729 1063 2793 dimidiam
1093 2749 1277 2795 mensuram
1305 2732 1435 2814 singulis

123 2835 190 2898 mnis
215 2836 378 2901 exsolvent
408 2838 576 2902 convenlui
605 2840 800 2902 memorato:
834 2837 877 2901 ila
907 2838 992 2921 quod
1019 2838 1175 2904 medietas
1204 2841 1364 2921 pensionis
1395 2840 1435 2904 de

123 2957 285 3028 unoquoque
307 2945 348 3008 sit
369 2945 502 3010 ordeum
534 2949 566 3009 et
595 2945 750 3010 medietas
781 2946 820 3010 sil
842 2947 939 3028 siligo.
982 2947 1030 3011 Ne
1051 2949 1145 3030 igitur
1167 2949 1237 3031 quis
1259 2967 1356 3029 super
1377 2948 1435 3012 hiis

123 3048 165 3112 lile
189 3054 259 3116 actis
291 3055 438 3135 surrepat
470 3052 584 3118 oblivio
617 3057 648 3118 et
679 3055 860 3138 calumpnia
890 3055 1057 3121 suscitetur
1087 3056 1145 3121 sed
1176 3058 1284 3121 omnia
1313 3058 1346 3121 in
1376 3075 1435 3122 suo

124 3156 209 3223 ordine
227 3165 378 3225 maneant
399 3164 431 3224 et
452 3160 570 3242 vigore,
600 3166 784 3245 presentem
806 3163 955 3246 paginam
978 3182 1040 3247 que
1064 3166 1204 3230 continet
1226 3164 1435 3230 donacionem

125 3269 239 3333 nostram
259 3289 367 3354 ymmo
390 3288 465 3333 vero
487 3268 618 3352 dampni
640 3271 833 3359 refusionem
855 3276 965 3336 nostru
987 3276 1019 3336 et
1040 3273 1167 3356 capituli
1184 3275 1312 3357 majoris
1330 3274 1436 3357 sigillis

126 3368 228 3442 fecimus
247 3378 431 3444 conmuniri.
454 3378 535 3442 Acta
556 3382 631 3442 sunt
652 3378 710 3442 hec
727 3379 873 3455 Osernb.;
896 3399 980 3443 anno
996 3379 1122 3445 Domini
1138 3380 1257 3445 M⁰CC⁰
1279 3383 1436 3465 quinqua·

126 3481 221 3557 gesimo
239 3485 308 3564 1u⁰;
330 3485 379 3550 Kl.
401 3485 527 3568 Aprilis.

210 3643 229 3710 ¹)
246 3642 271 3714 it.
290 3644 407 3700 neusse.

124 3914 169 3984 ⁷⁸·
185 3960 220 3975 -
238 3930 390 4016 illinies.
412 3932 506 4013 1213,
529 3931 623 4015 auru
645 3933 676 4002 3.

264 4062 381 4147 ffltfdof
411 4063 486 4131 utto
516 4082 575 4132 uon
602 4064 740 4145 illicitet
772 4064 891 4134 betennt
923 4067 968 4135 bie
997 4068 1221 4154 tleberltogung
1251 4069 1303 4135 tes
1332 4067 1437 4152 algen:

264 4173 365 4256 muns
388 4191 447 4240 oon
469 4171 570 4255 oulen
592 4194 626 4258 gu
649 4175 808 4243 decaniis
831 4176 890 4242 unt
914 4175 1014 4256 deiru,
1036 4177 1082 4243 bie
1103 4178 1154 4244 tec
1174 4176 1365 4260 tennemonn
1387 4176 1438 4243 ter

264 4280 480 4365 fittinfterfden
503 4281 603 4363 illude
624 4283 734 4350 tilieto
756 4301 814 4350 mu
837 4281 996 4350 uernum
1023 4282 1088 4350 bem
1109 4281 1381 4367 Suionuitetiuuie
1402 4301 1437 4366 gu

265 4387 343 4474 unqe
364 4387 416 4468 itit
439 4391 497 4454 101
521 4388 613 4457 litun
633 4390 764 4472 uertuuft
786 4390 847 4474 lutl
869 4410 908 4457 ou
930 4392 986 4458 tus
1008 4391 1279 4476 Soionntterlreus.

361 4524 503 4596 Drtgtuol:
523 4523 726 4594 &lactentium
746 4522 843 4581 mmet:
863 4522 1034 4594 &comburil
1051 4522 1179 4594 fieltrdge
1198 4522 1235 4580 Θ.
1254 4524 1289 4577 64
1307 4536 1340 4594 gu
1359 4523 1436 4580 1258.

228 4640 325 4728 uuio)
349 4642 408 4707 Dei
429 4644 534 4725 gracia
555 4642 811 4708 Monasterieusis
834 4625 1000 4724 episcopus
1022 4640 1176 4705 universis
1198 4642 1239 4705 ad
1262 4660 1342 4724 quos
1364 4661 1437 4724 pre·

127 4742 213 4807 seules
235 4747 332 4815 littere
360 4752 563 4833 pervenerint
589 4751 723 4817 salutem
751 4753 782 4815 in
805 4751 951 4817 Domino.
996 4748 1148 4814 Noverint
1176 4747 1323 4826 universi,
1352 4750 1438 4832 quod

128 4860 176 4908 ¹10⁵
193 4858 409 4940 proprietatem
431 4862 536 4925 mansi
558 4861 589 4924 in
611 4860 798 4925 Bernewide
820 4859 869 4923 siti
891 4861 923 4923 in
945 4858 1112 4941 parrochia
1134 4856 1332 4939 Nigenlrerke
1354 4862 1386 4922 et
1407 4858 1438 4922 in

129 4956 215 5026 maria
234 4964 432 5051 Dherseborg
454 4972 486 5034 et
507 4970 608 5034 mansi
630 4970 661 5033 in
684 4968 826 5033 Bilehem
849 4969 897 5032 siti
920 4968 950 5031 in
974 4967 1084 5031 marka
1106 4966 1186 5045 Risi,
1217 4985 1298 5050 quos
1319 4966 1440 5032 Albero
