<?xml version="1.0" encoding="UTF-8"?>
<!DOCTYPE html PUBLIC "-//W3C//DTD XHTML 1.0 Transitional//EN"
    "http://www.w3.org/TR/xhtml1/DTD/xhtml1-transitional.dtd">
<html xmlns="http://www.w3.org/1999/xhtml" xml:lang="en" lang="en">
 <head>
  <title>
</title>
<meta http-equiv="Content-Type" content="text/html;charset=utf-8" />
  <meta name='ocr-system' content='tesseract 3.04.00' />
  <meta name='ocr-capabilities' content='ocr_page ocr_carea ocr_par ocr_line ocrx_word'/>
</head>
<body>
  <div class='ocr_page' id='page_1' title='image "./osnabrckerurkun02brgoog/osnabrckerurkun02brgoog_0406.png"; bbox 0 0 3210 5424; ppageno 0'>
   <div class='ocr_carea' id='block_1_1' title="bbox 172 291 883 370">
    <p class='ocr_par' dir='ltr' id='par_1_1' title="bbox 172 291 883 370">
     <span class='ocr_line' id='line_1_1' title="bbox 172 291 883 370; baseline -0.003 1"><span class='ocrx_word' id='word_1_1' title='bbox 172 291 235 356; x_wconf 78' lang='lat'>394</span> <span class='ocrx_word' id='word_1_2' title='bbox 815 315 883 370; x_wconf 79' lang='lat'><strong>1276</strong></span> 
     </span>
    </p>
   </div>
   <div class='ocr_carea' id='block_1_2' title="bbox 171 468 813 558">
    <p class='ocr_par' dir='ltr' id='par_1_2' title="bbox 171 468 813 558">
     <span class='ocr_line' id='line_1_2' title="bbox 171 468 813 558; baseline 0.016 -23"><span class='ocrx_word' id='word_1_3' title='bbox 171 468 245 536; x_wconf 82' lang='grc'><strong>567.</strong></span> <span class='ocrx_word' id='word_1_4' title='bbox 269 509 307 518; x_wconf 95' lang='grc'>-</span> <span class='ocrx_word' id='word_1_5' title='bbox 331 470 478 552; x_wconf 60' lang='lat' dir='ltr'>wulbed,</span> <span class='ocrx_word' id='word_1_6' title='bbox 502 473 598 552; x_wconf 82' lang='grc'><strong>1276,</strong></span> <span class='ocrx_word' id='word_1_7' title='bbox 621 474 739 558; x_wconf 53' lang='lat' dir='ltr'>iuquit</span> <span class='ocrx_word' id='word_1_8' title='bbox 760 476 813 545; x_wconf 80' lang='lat'>21.</span> 
     </span>
    </p>
   </div>
   <div class='ocr_carea' id='block_1_3' title="bbox 337 603 1527 1016">
    <p class='ocr_par' dir='ltr' id='par_1_3' title="bbox 337 603 1527 1016">
     <span class='ocr_line' id='line_1_3' title="bbox 338 603 1526 690; baseline 0.003 -22"><span class='ocrx_word' id='word_1_9' title='bbox 338 603 437 684; x_wconf 71' lang='lat' dir='ltr'>ilium)</span> <span class='ocrx_word' id='word_1_10' title='bbox 461 604 682 689; x_wconf 67' lang='lat' dir='ltr'>uennnuunq</span> <span class='ocrx_word' id='word_1_11' title='bbox 704 607 756 671; x_wconf 77' lang='lat' dir='ltr'>bes</span> <span class='ocrx_word' id='word_1_12' title='bbox 779 608 939 690; x_wconf 77' lang='lat' dir='ltr'>etmdtJtten</span> <span class='ocrx_word' id='word_1_13' title='bbox 962 607 1095 689; x_wconf 71' lang='lat' dir='ltr'>tlilrbolr</span> <span class='ocrx_word' id='word_1_14' title='bbox 1118 607 1239 674; x_wconf 68' lang='lat' dir='ltr'>doureh</span> <span class='ocrx_word' id='word_1_15' title='bbox 1263 625 1322 673; x_wconf 88' lang='lat' dir='ltr'>uon</span> <span class='ocrx_word' id='word_1_16' title='bbox 1337 605 1526 682; x_wconf 70' lang='lat' dir='ltr'>Deuubnid,</span> 
     </span>
     <span class='ocr_line' id='line_1_4' title="bbox 339 711 1526 799; baseline 0.003 -22"><span class='ocrx_word' id='word_1_17' title='bbox 339 711 388 777; x_wconf 81' lang='lat' dir='ltr'>bet</span> <span class='ocrx_word' id='word_1_18' title='bbox 412 712 530 794; x_wconf 63' lang='lat' dir='ltr'>&amp;roten</span> <span class='ocrx_word' id='word_1_19' title='bbox 553 732 611 780; x_wconf 87' lang='lat' dir='ltr'>uon</span> <span class='ocrx_word' id='word_1_20' title='bbox 634 713 803 798; x_wconf 62' lang='lat' dir='ltr'>mertuum,</span> <span class='ocrx_word' id='word_1_21' title='bbox 836 734 895 783; x_wconf 85' lang='lat' dir='ltr'>oon</span> <span class='ocrx_word' id='word_1_22' title='bbox 917 715 1112 799; x_wconf 63' lang='lat' dir='ltr'>mellentum</span> <span class='ocrx_word' id='word_1_23' title='bbox 1134 716 1194 781; x_wconf 83' lang='lat' dir='ltr'>uub</span> <span class='ocrx_word' id='word_1_24' title='bbox 1216 717 1351 783; x_wconf 72' lang='lat' dir='ltr'>unieret</span> <span class='ocrx_word' id='word_1_25' title='bbox 1374 714 1439 781; x_wconf 86' lang='lat' dir='ltr'>lom</span> <span class='ocrx_word' id='word_1_26' title='bbox 1463 714 1526 781; x_wconf 77' lang='lat' dir='ltr'>eine</span> 
     </span>
     <span class='ocr_line' id='line_1_5' title="bbox 339 821 1527 907; baseline 0.004 -22"><span class='ocrx_word' id='word_1_27' title='bbox 339 837 398 885; x_wconf 84' lang='lat' dir='ltr'>nou</span> <span class='ocrx_word' id='word_1_28' title='bbox 433 821 521 903; x_wconf 69' lang='lat' dir='ltr'>tinen</span> <span class='ocrx_word' id='word_1_29' title='bbox 553 821 755 905; x_wconf 73' lang='lat' dir='ltr'>milbeiressctte</span> <span class='ocrx_word' id='word_1_30' title='bbox 790 824 901 906; x_wconf 60' lang='lat' dir='ltr'>&amp;utine</span> <span class='ocrx_word' id='word_1_31' title='bbox 935 844 969 906; x_wconf 58' lang='lat' dir='ltr'>gu</span> <span class='ocrx_word' id='word_1_32' title='bbox 1004 824 1125 891; x_wconf 59' lang='lat' dir='ltr'>&amp;tonbe</span> <span class='ocrx_word' id='word_1_33' title='bbox 1157 823 1289 907; x_wconf 59' lang='lat' dir='ltr'>gnildnn</span> <span class='ocrx_word' id='word_1_34' title='bbox 1322 825 1387 890; x_wconf 84' lang='lat' dir='ltr'>bem</span> <span class='ocrx_word' id='word_1_35' title='bbox 1423 823 1527 890; x_wconf 68' lang='lat' dir='ltr'>illitter</span> 
     </span>
     <span class='ocr_line' id='line_1_6' title="bbox 337 928 1462 1016; baseline 0.002 -21"><span class='ocrx_word' id='word_1_36' title='bbox 337 928 492 1005; x_wconf 70' lang='lat' dir='ltr'>bernano</span> <span class='ocrx_word' id='word_1_37' title='bbox 516 948 573 996; x_wconf 85' lang='lat' dir='ltr'>uon</span> <span class='ocrx_word' id='word_1_38' title='bbox 597 930 719 1015; x_wconf 62' lang='lat' dir='ltr'>burrum</span> <span class='ocrx_word' id='word_1_39' title='bbox 742 931 803 998; x_wconf 89' lang='lat' dir='ltr'>unb</span> <span class='ocrx_word' id='word_1_40' title='bbox 827 933 891 999; x_wconf 84' lang='lat' dir='ltr'>bun</span> <span class='ocrx_word' id='word_1_41' title='bbox 914 931 1030 1014; x_wconf 68' lang='lat' dir='ltr'>illidet</span> <span class='ocrx_word' id='word_1_42' title='bbox 1053 932 1205 1016; x_wconf 66' lang='lat' dir='ltr'>borchecb</span> <span class='ocrx_word' id='word_1_43' title='bbox 1228 950 1287 999; x_wconf 86' lang='lat' dir='ltr'>oon</span> <span class='ocrx_word' id='word_1_44' title='bbox 1309 931 1462 1010; x_wconf 59' lang='lat' dir='ltr'>Wunder.</span> 
     </span>
    </p>
   </div>
   <div class='ocr_carea' id='block_1_4' title="bbox 436 1061 1128 1133">
    <p class='ocr_par' dir='ltr' id='par_1_4' title="bbox 436 1061 1128 1133">
     <span class='ocr_line' id='line_1_7' title="bbox 436 1061 1128 1133; baseline -0.003 -14"><span class='ocrx_word' id='word_1_45' title='bbox 436 1061 535 1119; x_wconf 70' lang='lat' dir='ltr'>brou:</span> <span class='ocrx_word' id='word_1_46' title='bbox 554 1062 705 1129; x_wconf 69' lang='lat' dir='ltr'>itlitmondl</span> <span class='ocrx_word' id='word_1_47' title='bbox 723 1062 814 1133; x_wconf 68' lang='lat' dir='ltr'>tssclti.</span> <span class='ocrx_word' id='word_1_48' title='bbox 833 1062 917 1121; x_wconf 62' lang='lat' dir='ltr'>ndu</span> <span class='ocrx_word' id='word_1_49' title='bbox 936 1065 978 1117; x_wconf 83' lang='grc' dir='ltr'>ΙΙΙ</span> <span class='ocrx_word' id='word_1_50' title='bbox 997 1062 1048 1119; x_wconf 69' lang='lat' dir='ltr'>ror.</span> <span class='ocrx_word' id='word_1_51' title='bbox 1067 1064 1128 1118; x_wconf 84' lang='grc'>994.</span> 
     </span>
    </p>
   </div>
   <div class='ocr_carea' id='block_1_5' title="bbox 169 1319 1530 1952">
    <p class='ocr_par' dir='ltr' id='par_1_5' title="bbox 169 1319 1530 1952">
     <span class='ocr_line' id='line_1_8' title="bbox 169 1319 813 1408; baseline 0.012 -22"><span class='ocrx_word' id='word_1_52' title='bbox 169 1319 246 1387; x_wconf 75' lang='grc'>568.</span> <span class='ocrx_word' id='word_1_53' title='bbox 270 1360 308 1369; x_wconf 91' lang='grc'><strong>-</strong></span> <span class='ocrx_word' id='word_1_54' title='bbox 332 1322 480 1403; x_wconf 61' lang='lat' dir='ltr'>multet,</span> <span class='ocrx_word' id='word_1_55' title='bbox 502 1322 599 1403; x_wconf 79' lang='lat'><strong>1276,</strong></span> <span class='ocrx_word' id='word_1_56' title='bbox 622 1324 740 1408; x_wconf 64' lang='lat' dir='ltr'>duruit</span> <span class='ocrx_word' id='word_1_57' title='bbox 761 1324 813 1394; x_wconf 83' lang='lat'>21.</span> 
     </span>
     <span class='ocr_line' id='line_1_9' title="bbox 339 1439 1529 1523; baseline 0 -18"><span class='ocrx_word' id='word_1_58' title='bbox 339 1440 403 1505; x_wconf 61' lang='lat' dir='ltr'>§Det</span> <span class='ocrx_word' id='word_1_59' title='bbox 427 1442 567 1523; x_wconf 74' lang='lat' dir='ltr'>erutblte</span> <span class='ocrx_word' id='word_1_60' title='bbox 590 1441 706 1523; x_wconf 65' lang='lat' dir='ltr'>illidet</span> <span class='ocrx_word' id='word_1_61' title='bbox 729 1441 852 1507; x_wconf 67' lang='lat' dir='ltr'>uorrtob</span> <span class='ocrx_word' id='word_1_62' title='bbox 875 1459 933 1508; x_wconf 85' lang='lat' dir='ltr'>uun</span> <span class='ocrx_word' id='word_1_63' title='bbox 956 1439 1129 1507; x_wconf 69' lang='lat' dir='ltr'>bonumne</span> <span class='ocrx_word' id='word_1_64' title='bbox 1161 1442 1221 1507; x_wconf 85' lang='lat' dir='ltr'>unb</span> <span class='ocrx_word' id='word_1_65' title='bbox 1252 1441 1297 1508; x_wconf 78' lang='lat' dir='ltr'>bie</span> <span class='ocrx_word' id='word_1_66' title='bbox 1320 1439 1442 1520; x_wconf 73' lang='lat' dir='ltr'>(broten</span> <span class='ocrx_word' id='word_1_67' title='bbox 1466 1458 1529 1506; x_wconf 87' lang='lat' dir='ltr'>uon</span> 
     </span>
     <span class='ocr_line' id='line_1_10' title="bbox 337 1546 1530 1632; baseline -0.001 -20"><span class='ocrx_word' id='word_1_68' title='bbox 337 1546 494 1629; x_wconf 63' lang='lat' dir='ltr'>bentbein</span> <span class='ocrx_word' id='word_1_69' title='bbox 528 1554 588 1615; x_wconf 79' lang='lat' dir='ltr'>uno</span> <span class='ocrx_word' id='word_1_70' title='bbox 620 1568 677 1617; x_wconf 85' lang='lat' dir='ltr'>uon</span> <span class='ocrx_word' id='word_1_71' title='bbox 701 1550 896 1632; x_wconf 58' lang='lat' dir='ltr'>scutellum</span> <span class='ocrx_word' id='word_1_72' title='bbox 929 1548 1069 1632; x_wconf 64' lang='lat' dir='ltr'>belundo</span> <span class='ocrx_word' id='word_1_73' title='bbox 1101 1548 1147 1615; x_wconf 84' lang='lat' dir='ltr'>bie</span> <span class='ocrx_word' id='word_1_74' title='bbox 1169 1548 1296 1630; x_wconf 74' lang='lat' dir='ltr'>tlriebbe</span> <span class='ocrx_word' id='word_1_75' title='bbox 1326 1550 1380 1614; x_wconf 74' lang='lat' dir='ltr'>beo</span> <span class='ocrx_word' id='word_1_76' title='bbox 1403 1547 1530 1614; x_wconf 65' lang='lat' dir='ltr'>itiitere</span> 
     </span>
     <span class='ocr_line' id='line_1_11' title="bbox 337 1642 1529 1741; baseline 0.001 -20"><span class='ocrx_word' id='word_1_77' title='bbox 337 1654 472 1738; x_wconf 68' lang='lat' dir='ltr'>nuncid</span> <span class='ocrx_word' id='word_1_78' title='bbox 495 1657 645 1725; x_wconf 60' lang='lat' dir='ltr'>&amp;erobore</span> <span class='ocrx_word' id='word_1_79' title='bbox 667 1677 726 1724; x_wconf 90' lang='lat' dir='ltr'>oon</span> <span class='ocrx_word' id='word_1_80' title='bbox 749 1642 838 1725; x_wconf 54' lang='lat' dir='ltr'>tlteu&#39;</span> <span class='ocrx_word' id='word_1_81' title='bbox 858 1657 1022 1741; x_wconf 69' lang='lat' dir='ltr'>sseqenitber</span> <span class='ocrx_word' id='word_1_82' title='bbox 1051 1658 1115 1724; x_wconf 84' lang='lat' dir='ltr'>bun</span> <span class='ocrx_word' id='word_1_83' title='bbox 1146 1656 1263 1739; x_wconf 66' lang='lat' dir='ltr'>{illidunt</span> <span class='ocrx_word' id='word_1_84' title='bbox 1285 1657 1441 1740; x_wconf 66' lang='lat' dir='ltr'>beerbach</span> <span class='ocrx_word' id='word_1_85' title='bbox 1465 1675 1529 1723; x_wconf 85' lang='lat' dir='ltr'>oon</span> 
     </span>
     <span class='ocr_line' id='line_1_12' title="bbox 338 1764 485 1843; baseline -0.007 -14"><span class='ocrx_word' id='word_1_86' title='bbox 338 1764 485 1843; x_wconf 75' lang='lat' dir='ltr'>illicitet.</span> 
     </span>
     <span class='ocr_line' id='line_1_13' title="bbox 435 1880 1125 1952; baseline -0.001 -14"><span class='ocrx_word' id='word_1_87' title='bbox 435 1880 532 1938; x_wconf 69' lang='lat' dir='ltr'>bruc:</span> <span class='ocrx_word' id='word_1_88' title='bbox 553 1880 703 1951; x_wconf 68' lang='lat' dir='ltr'>tbitnnrussl</span> <span class='ocrx_word' id='word_1_89' title='bbox 721 1881 811 1952; x_wconf 70' lang='lat' dir='ltr'>tssritt.</span> <span class='ocrx_word' id='word_1_90' title='bbox 831 1881 915 1940; x_wconf 61' lang='lat' dir='ltr'>tum.</span> <span class='ocrx_word' id='word_1_91' title='bbox 934 1883 976 1936; x_wconf 89' lang='lat' dir='ltr'>III</span> <span class='ocrx_word' id='word_1_92' title='bbox 995 1882 1045 1938; x_wconf 74' lang='lat' dir='ltr'>ut.</span> <span class='ocrx_word' id='word_1_93' title='bbox 1065 1883 1125 1938; x_wconf 81' lang='lat'>995.</span> 
     </span>
    </p>
   </div>
   <div class='ocr_carea' id='block_1_6' title="bbox 170 2137 835 2226">
    <p class='ocr_par' dir='ltr' id='par_1_6' title="bbox 170 2137 835 2226">
     <span class='ocr_line' id='line_1_14' title="bbox 170 2137 835 2226; baseline 0.017 -23"><span class='ocrx_word' id='word_1_94' title='bbox 170 2137 247 2205; x_wconf 78' lang='lat'><strong>569.</strong></span> <span class='ocrx_word' id='word_1_95' title='bbox 269 2176 309 2187; x_wconf 92' lang='lat'><em>-</em></span> <span class='ocrx_word' id='word_1_96' title='bbox 333 2140 453 2225; x_wconf 58' lang='lat' dir='ltr'>utura,</span> <span class='ocrx_word' id='word_1_97' title='bbox 476 2141 572 2223; x_wconf 77' lang='lat'><strong>12⁷6,</strong></span> <span class='ocrx_word' id='word_1_98' title='bbox 594 2141 835 2226; x_wconf 48' lang='lat' dir='ltr'>&amp;rettulerit</span> 
     </span>
    </p>
   </div>
   <div class='ocr_carea' id='block_1_7' title="bbox 337 2270 1530 2682">
    <p class='ocr_par' dir='ltr' id='par_1_7' title="bbox 337 2270 1530 2682">
     <span class='ocr_line' id='line_1_15' title="bbox 338 2270 1530 2359; baseline -0.002 -20"><span class='ocrx_word' id='word_1_99' title='bbox 338 2273 404 2339; x_wconf 69' lang='lat' dir='ltr'>ibet</span> <span class='ocrx_word' id='word_1_100' title='bbox 435 2274 573 2358; x_wconf 66' lang='lat' dir='ltr'>censure</span> <span class='ocrx_word' id='word_1_101' title='bbox 596 2274 712 2359; x_wconf 68' lang='lat' dir='ltr'>illidet</span> <span class='ocrx_word' id='word_1_102' title='bbox 734 2275 856 2342; x_wconf 69' lang='lat' dir='ltr'>dontob</span> <span class='ocrx_word' id='word_1_103' title='bbox 880 2293 938 2341; x_wconf 88' lang='lat' dir='ltr'>oon</span> <span class='ocrx_word' id='word_1_104' title='bbox 961 2272 1133 2341; x_wconf 70' lang='lat' dir='ltr'>Derrubtitd</span> <span class='ocrx_word' id='word_1_105' title='bbox 1156 2272 1303 2350; x_wconf 73' lang='lat' dir='ltr'>beluubct,</span> <span class='ocrx_word' id='word_1_106' title='bbox 1338 2270 1396 2350; x_wconf 69' lang='lat' dir='ltr'>bots</span> <span class='ocrx_word' id='word_1_107' title='bbox 1422 2271 1530 2338; x_wconf 75' lang='lat' dir='ltr'>illittet</span> 
     </span>
     <span class='ocr_line' id='line_1_16' title="bbox 338 2379 1530 2464; baseline 0 -18"><span class='ocrx_word' id='word_1_108' title='bbox 338 2381 443 2447; x_wconf 66' lang='lat' dir='ltr'>urbest</span> <span class='ocrx_word' id='word_1_109' title='bbox 465 2399 524 2448; x_wconf 86' lang='lat' dir='ltr'>uon</span> <span class='ocrx_word' id='word_1_110' title='bbox 546 2382 774 2464; x_wconf 64' lang='lat' dir='ltr'>tssurbindiulen</span> <span class='ocrx_word' id='word_1_111' title='bbox 797 2383 862 2450; x_wconf 84' lang='lat' dir='ltr'>bun</span> <span class='ocrx_word' id='word_1_112' title='bbox 884 2382 997 2461; x_wconf 72' lang='lat' dir='ltr'>illudet</span> <span class='ocrx_word' id='word_1_113' title='bbox 1019 2382 1121 2464; x_wconf 63' lang='lat' dir='ltr'>ilburg</span> <span class='ocrx_word' id='word_1_114' title='bbox 1143 2383 1197 2447; x_wconf 80' lang='lat' dir='ltr'>ben</span> <span class='ocrx_word' id='word_1_115' title='bbox 1221 2381 1332 2446; x_wconf 84' lang='lat' dir='ltr'>lteinen</span> <span class='ocrx_word' id='word_1_116' title='bbox 1347 2379 1530 2463; x_wconf 65' lang='lat' dir='ltr'>bauenberg</span> 
     </span>
     <span class='ocr_line' id='line_1_17' title="bbox 338 2478 1524 2573; baseline -0.003 -19"><span class='ocrx_word' id='word_1_117' title='bbox 338 2491 394 2554; x_wconf 84' lang='lat' dir='ltr'>mit</span> <span class='ocrx_word' id='word_1_118' title='bbox 425 2507 555 2573; x_wconf 73' lang='lat' dir='ltr'>genouet</span> <span class='ocrx_word' id='word_1_119' title='bbox 584 2490 764 2568; x_wconf 78' lang='lat' dir='ltr'>beitiunnten</span> <span class='ocrx_word' id='word_1_120' title='bbox 792 2489 983 2573; x_wconf 70' lang='lat' dir='ltr'>cutieneubeu</span> <span class='ocrx_word' id='word_1_121' title='bbox 1006 2478 1112 2555; x_wconf 71' lang='lat' dir='ltr'>i&#39;tdetn</span> <span class='ocrx_word' id='word_1_122' title='bbox 1143 2493 1230 2554; x_wconf 85' lang='lat' dir='ltr'>untet</span> <span class='ocrx_word' id='word_1_123' title='bbox 1256 2488 1306 2554; x_wconf 82' lang='lat' dir='ltr'>bet</span> <span class='ocrx_word' id='word_1_124' title='bbox 1335 2485 1524 2570; x_wconf 68' lang='lat' dir='ltr'>tlebingunq</span> 
     </span>
     <span class='ocr_line' id='line_1_18' title="bbox 337 2593 1528 2682; baseline -0.001 -20"><span class='ocrx_word' id='word_1_125' title='bbox 337 2597 469 2678; x_wconf 73' lang='lat' dir='ltr'>nudauit</span> <span class='ocrx_word' id='word_1_126' title='bbox 492 2599 552 2682; x_wconf 73' lang='lat' dir='ltr'>tut,</span> <span class='ocrx_word' id='word_1_127' title='bbox 574 2598 632 2678; x_wconf 67' lang='lat' dir='ltr'>boli</span> <span class='ocrx_word' id='word_1_128' title='bbox 654 2599 710 2666; x_wconf 74' lang='lat' dir='ltr'>boo</span> <span class='ocrx_word' id='word_1_129' title='bbox 728 2598 841 2676; x_wconf 74' lang='lat' dir='ltr'>diriter</span> <span class='ocrx_word' id='word_1_130' title='bbox 864 2599 948 2665; x_wconf 85' lang='lat' dir='ltr'>einen</span> <span class='ocrx_word' id='word_1_131' title='bbox 970 2596 1021 2663; x_wconf 82' lang='lat' dir='ltr'>ber</span> <span class='ocrx_word' id='word_1_132' title='bbox 1037 2595 1196 2679; x_wconf 65' lang='lat' dir='ltr'>belluinis</span> <span class='ocrx_word' id='word_1_133' title='bbox 1212 2612 1271 2662; x_wconf 84' lang='lat' dir='ltr'>oon</span> <span class='ocrx_word' id='word_1_134' title='bbox 1287 2593 1393 2677; x_wconf 64' lang='lat' dir='ltr'>mugen</span> <span class='ocrx_word' id='word_1_135' title='bbox 1419 2594 1528 2661; x_wconf 74' lang='lat' dir='ltr'>nibet:</span> 
     </span>
    </p>
   </div>
   <div class='ocr_carea' id='block_1_8' title="bbox 338 2704 1003 2909">
    <p class='ocr_par' dir='ltr' id='par_1_8' title="bbox 338 2704 1003 2909">
     <span class='ocr_line' id='line_1_19' title="bbox 338 2704 1003 2789; baseline 0 -18"><span class='ocrx_word' id='word_1_136' title='bbox 338 2705 463 2789; x_wconf 72' lang='lat' dir='ltr'>tedtlid)</span> <span class='ocrx_word' id='word_1_137' title='bbox 486 2706 697 2789; x_wconf 77' lang='lat' dir='ltr'>oeroltnbeten</span> <span class='ocrx_word' id='word_1_138' title='bbox 720 2705 803 2773; x_wconf 68' lang='lat' dir='ltr'>ilder</span> <span class='ocrx_word' id='word_1_139' title='bbox 826 2704 1003 2785; x_wconf 79' lang='lat' dir='ltr'>niebettble.</span> 
     </span>
     <span class='ocr_line' id='line_1_20' title="bbox 435 2837 802 2909; baseline -0.005 -14"><span class='ocrx_word' id='word_1_140' title='bbox 435 2837 579 2909; x_wconf 69' lang='lat' dir='ltr'>Drtginot:</span> <span class='ocrx_word' id='word_1_141' title='bbox 600 2838 802 2908; x_wconf 57' lang='lat' dir='ltr'>&amp;tramontio</span> 
     </span>
    </p>
   </div>
   <div class='ocr_carea' id='block_1_9' title="bbox 165 2949 1527 4966">
    <p class='ocr_par' dir='ltr' id='par_1_9' title="bbox 165 2949 1527 4966">
     <span class='ocr_line' id='line_1_21' title="bbox 295 2949 1526 3038; baseline -0.002 -20"><span class='ocrx_word' id='word_1_142' title='bbox 295 2954 463 3019; x_wconf 81' lang='lat' dir='ltr'>Comedus</span> <span class='ocrx_word' id='word_1_143' title='bbox 485 2955 543 3020; x_wconf 87' lang='lat' dir='ltr'>Dei</span> <span class='ocrx_word' id='word_1_144' title='bbox 565 2958 665 3037; x_wconf 81' lang='lat' dir='ltr'>gratia</span> <span class='ocrx_word' id='word_1_145' title='bbox 687 2955 943 3038; x_wconf 79' lang='lat' dir='ltr'>Osnaburgensis</span> <span class='ocrx_word' id='word_1_146' title='bbox 973 2954 1103 3019; x_wconf 85' lang='lat' dir='ltr'>ecclesie</span> <span class='ocrx_word' id='word_1_147' title='bbox 1133 2952 1251 3016; x_wconf 87' lang='lat' dir='ltr'>electus</span> <span class='ocrx_word' id='word_1_148' title='bbox 1274 2949 1426 3013; x_wconf 89' lang='lat' dir='ltr'>omnibus</span> <span class='ocrx_word' id='word_1_149' title='bbox 1449 2969 1526 3033; x_wconf 89' lang='lat' dir='ltr'>pre·</span> 
     </span>
     <span class='ocr_line' id='line_1_22' title="bbox 169 3058 1527 3145; baseline 0.001 -23"><span class='ocrx_word' id='word_1_150' title='bbox 169 3061 270 3126; x_wconf 83' lang='lat' dir='ltr'>sentia</span> <span class='ocrx_word' id='word_1_151' title='bbox 304 3062 414 3127; x_wconf 88' lang='lat' dir='ltr'>visuris</span> <span class='ocrx_word' id='word_1_152' title='bbox 447 3063 497 3128; x_wconf 87' lang='lat' dir='ltr'>vel</span> <span class='ocrx_word' id='word_1_153' title='bbox 530 3064 684 3130; x_wconf 75' lang='lat' dir='ltr'><strong>audituris</strong></span> <span class='ocrx_word' id='word_1_154' title='bbox 710 3063 847 3128; x_wconf 85' lang='lat' dir='ltr'>salutem</span> <span class='ocrx_word' id='word_1_155' title='bbox 878 3065 910 3127; x_wconf 92' lang='lat' dir='ltr'>in</span> <span class='ocrx_word' id='word_1_156' title='bbox 940 3066 1142 3145; x_wconf 86' lang='lat' dir='ltr'>perpetuum.</span> <span class='ocrx_word' id='word_1_157' title='bbox 1186 3059 1235 3122; x_wconf 88' lang='lat' dir='ltr'>Ne</span> <span class='ocrx_word' id='word_1_158' title='bbox 1257 3058 1427 3122; x_wconf 86' lang='lat' dir='ltr'>vetustatis</span> <span class='ocrx_word' id='word_1_159' title='bbox 1448 3077 1527 3141; x_wconf 87' lang='lat' dir='ltr'>pro·</span> 
     </span>
     <span class='ocr_line' id='line_1_23' title="bbox 168 3165 1526 3253; baseline 0.001 -23"><span class='ocrx_word' id='word_1_160' title='bbox 168 3166 271 3231; x_wconf 83' lang='lat' dir='ltr'>lixitas</span> <span class='ocrx_word' id='word_1_161' title='bbox 292 3169 434 3234; x_wconf 86' lang='lat' dir='ltr'>humane</span> <span class='ocrx_word' id='word_1_162' title='bbox 455 3190 584 3253; x_wconf 85' lang='lat' dir='ltr'>semper</span> <span class='ocrx_word' id='word_1_163' title='bbox 604 3173 758 3237; x_wconf 81' lang='lat' dir='ltr'><strong>memorie</strong></span> <span class='ocrx_word' id='word_1_164' title='bbox 787 3171 968 3253; x_wconf 86' lang='lat' dir='ltr'>derogatrix</span> <span class='ocrx_word' id='word_1_165' title='bbox 999 3170 1068 3247; x_wconf 87' lang='lat' dir='ltr'>hiis,</span> <span class='ocrx_word' id='word_1_166' title='bbox 1106 3187 1169 3251; x_wconf 93' lang='lat' dir='ltr'>que</span> <span class='ocrx_word' id='word_1_167' title='bbox 1199 3185 1307 3232; x_wconf 86' lang='lat' dir='ltr'>coram</span> <span class='ocrx_word' id='word_1_168' title='bbox 1338 3165 1434 3230; x_wconf 88' lang='lat' dir='ltr'>nobis</span> <span class='ocrx_word' id='word_1_169' title='bbox 1464 3167 1526 3231; x_wconf 86' lang='lat' dir='ltr'>rite</span> 
     </span>
     <span class='ocr_line' id='line_1_24' title="bbox 168 3272 1525 3359; baseline -0.001 -22"><span class='ocrx_word' id='word_1_170' title='bbox 168 3292 206 3338; x_wconf 88' lang='lat' dir='ltr'>ac</span> <span class='ocrx_word' id='word_1_171' title='bbox 221 3274 420 3342; x_wconf 73' lang='lat' dir='ltr'>laudabiliter</span> <span class='ocrx_word' id='word_1_172' title='bbox 438 3278 518 3343; x_wconf 87' lang='lat' dir='ltr'>liunt</span> <span class='ocrx_word' id='word_1_173' title='bbox 534 3280 664 3344; x_wconf 91' lang='lat' dir='ltr'>consilio</span> <span class='ocrx_word' id='word_1_174' title='bbox 686 3281 858 3358; x_wconf 84' lang='lat' dir='ltr'>maturato,</span> <span class='ocrx_word' id='word_1_175' title='bbox 880 3277 1046 3343; x_wconf 87' lang='lat' dir='ltr'>oblivionis</span> <span class='ocrx_word' id='word_1_176' title='bbox 1069 3295 1167 3359; x_wconf 87' lang='lat' dir='ltr'>super</span> <span class='ocrx_word' id='word_1_177' title='bbox 1188 3275 1318 3339; x_wconf 80' lang='lat' dir='ltr'>inducat</span> <span class='ocrx_word' id='word_1_178' title='bbox 1339 3272 1525 3354; x_wconf 79' lang='lat' dir='ltr'>caliginem,</span> 
     </span>
     <span class='ocr_line' id='line_1_25' title="bbox 168 3380 1526 3470; baseline 0.001 -26"><span class='ocrx_word' id='word_1_179' title='bbox 168 3380 238 3464; x_wconf 86' lang='lat' dir='ltr'>ipsa</span> <span class='ocrx_word' id='word_1_180' title='bbox 259 3384 381 3465; x_wconf 87' lang='lat' dir='ltr'>scriptis</span> <span class='ocrx_word' id='word_1_181' title='bbox 411 3388 443 3449; x_wconf 90' lang='lat' dir='ltr'>et</span> <span class='ocrx_word' id='word_1_182' title='bbox 473 3386 608 3452; x_wconf 88' lang='lat' dir='ltr'>testibus</span> <span class='ocrx_word' id='word_1_183' title='bbox 639 3389 681 3452; x_wconf 84' lang='lat' dir='ltr'>ad</span> <span class='ocrx_word' id='word_1_184' title='bbox 710 3391 899 3470; x_wconf 86' lang='lat' dir='ltr'>perpetuam</span> <span class='ocrx_word' id='word_1_185' title='bbox 929 3386 974 3451; x_wconf 87' lang='lat' dir='ltr'>rei</span> <span class='ocrx_word' id='word_1_186' title='bbox 997 3388 1086 3467; x_wconf 79' lang='lat' dir='ltr'>geste</span> <span class='ocrx_word' id='word_1_187' title='bbox 1108 3383 1297 3447; x_wconf 86' lang='lat' dir='ltr'>memoriam</span> <span class='ocrx_word' id='word_1_188' title='bbox 1320 3381 1526 3445; x_wconf 85' lang='lat' dir='ltr'>decrevimus</span> 
     </span>
     <span class='ocr_line' id='line_1_26' title="bbox 167 3488 1526 3576; baseline -0.001 -24"><span class='ocrx_word' id='word_1_189' title='bbox 167 3489 378 3570; x_wconf 83' lang='lat' dir='ltr'>perhennare.</span> <span class='ocrx_word' id='word_1_190' title='bbox 422 3492 524 3556; x_wconf 88' lang='lat' dir='ltr'>Nosse</span> <span class='ocrx_word' id='word_1_191' title='bbox 546 3493 639 3574; x_wconf 78' lang='lat' dir='ltr'>igitur</span> <span class='ocrx_word' id='word_1_192' title='bbox 661 3496 806 3576; x_wconf 87' lang='lat' dir='ltr'>cupimus</span> <span class='ocrx_word' id='word_1_193' title='bbox 828 3497 895 3558; x_wconf 87' lang='lat' dir='ltr'>tam</span> <span class='ocrx_word' id='word_1_194' title='bbox 917 3495 1073 3574; x_wconf 87' lang='lat' dir='ltr'>posteros,</span> <span class='ocrx_word' id='word_1_195' title='bbox 1105 3510 1203 3573; x_wconf 81' lang='lat' dir='ltr'>quem</span> <span class='ocrx_word' id='word_1_196' title='bbox 1225 3490 1403 3571; x_wconf 68' lang='lat' dir='ltr'>presentes</span> <span class='ocrx_word' id='word_1_197' title='bbox 1436 3488 1526 3571; x_wconf 89' lang='lat' dir='ltr'>quod</span> 
     </span>
     <span class='ocr_line' id='line_1_27' title="bbox 168 3596 1525 3666; baseline 0 -5"><span class='ocrx_word' id='word_1_198' title='bbox 168 3600 277 3662; x_wconf 89' lang='lat' dir='ltr'>nostro</span> <span class='ocrx_word' id='word_1_199' title='bbox 300 3599 430 3664; x_wconf 90' lang='lat' dir='ltr'>consilio</span> <span class='ocrx_word' id='word_1_200' title='bbox 453 3603 484 3664; x_wconf 90' lang='lat' dir='ltr'>et</span> <span class='ocrx_word' id='word_1_201' title='bbox 505 3619 664 3665; x_wconf 86' lang='lat' dir='ltr'>consensu</span> <span class='ocrx_word' id='word_1_202' title='bbox 685 3601 759 3666; x_wconf 90' lang='lat' dir='ltr'>binc</span> <span class='ocrx_word' id='word_1_203' title='bbox 781 3601 855 3666; x_wconf 92' lang='lat' dir='ltr'>inde</span> <span class='ocrx_word' id='word_1_204' title='bbox 878 3600 1040 3664; x_wconf 87' lang='lat' dir='ltr'>mediante</span> <span class='ocrx_word' id='word_1_205' title='bbox 1063 3603 1094 3664; x_wconf 92' lang='lat' dir='ltr'>et</span> <span class='ocrx_word' id='word_1_206' title='bbox 1111 3599 1237 3664; x_wconf 82' lang='lat' dir='ltr'>favente</span> <span class='ocrx_word' id='word_1_207' title='bbox 1255 3596 1408 3661; x_wconf 88' lang='lat' dir='ltr'>Albertus</span> <span class='ocrx_word' id='word_1_208' title='bbox 1431 3596 1525 3661; x_wconf 91' lang='lat' dir='ltr'>miles</span> 
     </span>
     <span class='ocr_line' id='line_1_28' title="bbox 168 3703 1524 3790; baseline -0.002 -22"><span class='ocrx_word' id='word_1_209' title='bbox 168 3704 268 3769; x_wconf 89' lang='lat' dir='ltr'>dictus</span> <span class='ocrx_word' id='word_1_210' title='bbox 291 3706 331 3770; x_wconf 92' lang='lat' dir='ltr'>de</span> <span class='ocrx_word' id='word_1_211' title='bbox 354 3705 620 3785; x_wconf 86' lang='lat' dir='ltr'>Wordinchusen‚</span> <span class='ocrx_word' id='word_1_212' title='bbox 651 3708 826 3785; x_wconf 87' lang='lat' dir='ltr'>Lutmodis,</span> <span class='ocrx_word' id='word_1_213' title='bbox 857 3726 937 3772; x_wconf 86' lang='lat' dir='ltr'>uxor</span> <span class='ocrx_word' id='word_1_214' title='bbox 960 3709 1038 3790; x_wconf 77' lang='lat' dir='ltr'>ejuS,</span> <span class='ocrx_word' id='word_1_215' title='bbox 1068 3705 1284 3781; x_wconf 87' lang='lat' dir='ltr'>Hermannus,</span> <span class='ocrx_word' id='word_1_216' title='bbox 1313 3703 1468 3767; x_wconf 88' lang='lat' dir='ltr'>Albertus</span> <span class='ocrx_word' id='word_1_217' title='bbox 1491 3705 1524 3767; x_wconf 87' lang='lat' dir='ltr'>et</span> 
     </span>
     <span class='ocr_line' id='line_1_29' title="bbox 167 3810 1523 3892; baseline -0.001 -15"><span class='ocrx_word' id='word_1_218' title='bbox 167 3811 330 3879; x_wconf 74' lang='lat' dir='ltr'>lohannes</span> <span class='ocrx_word' id='word_1_219' title='bbox 359 3815 412 3879; x_wconf 90' lang='lat' dir='ltr'>filii</span> <span class='ocrx_word' id='word_1_220' title='bbox 442 3835 516 3881; x_wconf 89' lang='lat' dir='ltr'>cum</span> <span class='ocrx_word' id='word_1_221' title='bbox 538 3816 710 3881; x_wconf 86' lang='lat' dir='ltr'>Petronilla</span> <span class='ocrx_word' id='word_1_222' title='bbox 740 3818 802 3882; x_wconf 85' lang='lat' dir='ltr'>lilia</span> <span class='ocrx_word' id='word_1_223' title='bbox 833 3837 871 3882; x_wconf 86' lang='lat' dir='ltr'>ac</span> <span class='ocrx_word' id='word_1_224' title='bbox 892 3817 1037 3881; x_wconf 91' lang='lat' dir='ltr'>omnium</span> <span class='ocrx_word' id='word_1_225' title='bbox 1060 3811 1255 3878; x_wconf 87' lang='lat' dir='ltr'>coheredum</span> <span class='ocrx_word' id='word_1_226' title='bbox 1277 3810 1376 3892; x_wconf 90' lang='lat' dir='ltr'>ipsius</span> <span class='ocrx_word' id='word_1_227' title='bbox 1399 3811 1523 3876; x_wconf 88' lang='lat' dir='ltr'>dilectis</span> 
     </span>
     <span class='ocr_line' id='line_1_30' title="bbox 168 3917 1523 4006; baseline -0.001 -21"><span class='ocrx_word' id='word_1_228' title='bbox 168 3921 200 3985; x_wconf 92' lang='lat' dir='ltr'>in</span> <span class='ocrx_word' id='word_1_229' title='bbox 221 3921 347 3987; x_wconf 86' lang='lat' dir='ltr'>Christo</span> <span class='ocrx_word' id='word_1_230' title='bbox 370 3974 377 3988; x_wconf 87' lang='lat'><strong>.</strong></span> <span class='ocrx_word' id='word_1_231' title='bbox 401 3972 408 3986; x_wconf 88' lang='lat'>.</span> <span class='ocrx_word' id='word_1_232' title='bbox 431 3924 540 3988; x_wconf 84' lang='lat' dir='ltr'>abbati</span> <span class='ocrx_word' id='word_1_233' title='bbox 564 3927 595 3988; x_wconf 90' lang='lat' dir='ltr'>et</span> <span class='ocrx_word' id='word_1_234' title='bbox 616 3926 786 3989; x_wconf 85' lang='lat' dir='ltr'>conventui</span> <span class='ocrx_word' id='word_1_235' title='bbox 809 3926 849 3989; x_wconf 91' lang='lat' dir='ltr'>de</span> <span class='ocrx_word' id='word_1_236' title='bbox 870 3921 1003 4006; x_wconf 78' lang='lat' dir='ltr'>Ybiugh</span> <span class='ocrx_word' id='word_1_237' title='bbox 1026 3925 1179 3999; x_wconf 85' lang='lat' dir='ltr'>montem,</span> <span class='ocrx_word' id='word_1_238' title='bbox 1203 3919 1256 4001; x_wconf 93' lang='lat' dir='ltr'>qui</span> <span class='ocrx_word' id='word_1_239' title='bbox 1278 3917 1391 3983; x_wconf 88' lang='lat' dir='ltr'>dicitur</span> <span class='ocrx_word' id='word_1_240' title='bbox 1416 3919 1523 3983; x_wconf 88' lang='lat' dir='ltr'>minor</span> 
     </span>
     <span class='ocr_line' id='line_1_31' title="bbox 167 4025 1523 4113; baseline -0.004 -20"><span class='ocrx_word' id='word_1_241' title='bbox 167 4028 391 4113; x_wconf 80' lang='lat' dir='ltr'>Hegenbergh,</span> <span class='ocrx_word' id='word_1_242' title='bbox 416 4034 446 4094; x_wconf 87' lang='lat' dir='ltr'>et</span> <span class='ocrx_word' id='word_1_243' title='bbox 469 4051 582 4095; x_wconf 89' lang='lat' dir='ltr'>omnes</span> <span class='ocrx_word' id='word_1_244' title='bbox 604 4050 699 4113; x_wconf 75' lang='lat' dir='ltr'>agros</span> <span class='ocrx_word' id='word_1_245' title='bbox 721 4033 825 4097; x_wconf 88' lang='lat' dir='ltr'>eidem</span> <span class='ocrx_word' id='word_1_246' title='bbox 849 4032 949 4097; x_wconf 87' lang='lat' dir='ltr'>monti</span> <span class='ocrx_word' id='word_1_247' title='bbox 972 4031 1164 4112; x_wconf 86' lang='lat' dir='ltr'>adjacentes,</span> <span class='ocrx_word' id='word_1_248' title='bbox 1189 4028 1243 4109; x_wconf 91' lang='lat' dir='ltr'>qui</span> <span class='ocrx_word' id='word_1_249' title='bbox 1266 4028 1342 4090; x_wconf 84' lang='lat' dir='ltr'>sunt</span> <span class='ocrx_word' id='word_1_250' title='bbox 1363 4025 1414 4089; x_wconf 87' lang='lat' dir='ltr'>siti</span> <span class='ocrx_word' id='word_1_251' title='bbox 1438 4029 1523 4090; x_wconf 90' lang='lat' dir='ltr'>inter</span> 
     </span>
     <span class='ocr_line' id='line_1_32' title="bbox 167 4133 1522 4221; baseline -0.003 -20"><span class='ocrx_word' id='word_1_252' title='bbox 167 4138 248 4202; x_wconf 81' lang='lat' dir='ltr'>dues</span> <span class='ocrx_word' id='word_1_253' title='bbox 281 4139 356 4217; x_wconf 81' lang='lat' dir='ltr'>vias,</span> <span class='ocrx_word' id='word_1_254' title='bbox 391 4158 526 4221; x_wconf 85' lang='lat' dir='ltr'>quarum</span> <span class='ocrx_word' id='word_1_255' title='bbox 562 4158 627 4203; x_wconf 85' lang='lat' dir='ltr'>una</span> <span class='ocrx_word' id='word_1_256' title='bbox 657 4140 743 4203; x_wconf 86' lang='lat' dir='ltr'>ducit</span> <span class='ocrx_word' id='word_1_257' title='bbox 773 4139 813 4203; x_wconf 92' lang='lat' dir='ltr'>de</span> <span class='ocrx_word' id='word_1_258' title='bbox 844 4138 916 4202; x_wconf 83' lang='lat' dir='ltr'>villa</span> <span class='ocrx_word' id='word_1_259' title='bbox 941 4133 1074 4218; x_wconf 78' lang='lat' dir='ltr'>Ybiugh</span> <span class='ocrx_word' id='word_1_260' title='bbox 1103 4133 1284 4210; x_wconf 76' lang='lat' dir='ltr'>edricum,</span> <span class='ocrx_word' id='word_1_261' title='bbox 1318 4134 1372 4214; x_wconf 88' lang='lat' dir='ltr'>qui</span> <span class='ocrx_word' id='word_1_262' title='bbox 1406 4133 1522 4198; x_wconf 89' lang='lat' dir='ltr'>dicitur</span> 
     </span>
     <span class='ocr_line' id='line_1_33' title="bbox 167 4239 1521 4333; baseline -0.004 -25"><span class='ocrx_word' id='word_1_263' title='bbox 167 4243 417 4328; x_wconf 70' lang='lat' dir='ltr'>stoaeqlevortl,</span> <span class='ocrx_word' id='word_1_264' title='bbox 446 4246 599 4311; x_wconf 87' lang='lat' dir='ltr'>etaltera</span> <span class='ocrx_word' id='word_1_265' title='bbox 622 4250 697 4310; x_wconf 80' lang='lat' dir='ltr'>ente</span> <span class='ocrx_word' id='word_1_266' title='bbox 720 4245 852 4310; x_wconf 90' lang='lat' dir='ltr'>domum</span> <span class='ocrx_word' id='word_1_267' title='bbox 875 4243 1028 4309; x_wconf 77' lang='lat' dir='ltr'>iohannis</span> <span class='ocrx_word' id='word_1_268' title='bbox 1050 4243 1123 4307; x_wconf 84' lang='lat' dir='ltr'>dicti</span> <span class='ocrx_word' id='word_1_269' title='bbox 1145 4241 1282 4333; x_wconf 82' lang='lat' dir='ltr'>Brusero</span> <span class='ocrx_word' id='word_1_270' title='bbox 1304 4239 1346 4304; x_wconf 82' lang='lat' dir='ltr'>ed</span> <span class='ocrx_word' id='word_1_271' title='bbox 1369 4242 1521 4304; x_wconf 89' lang='lat' dir='ltr'>nostrum</span> 
     </span>
     <span class='ocr_line' id='line_1_34' title="bbox 166 4346 1523 4424; baseline -0.002 -10"><span class='ocrx_word' id='word_1_272' title='bbox 166 4352 387 4418; x_wconf 78' lang='lat' dir='ltr'>molendinum</span> <span class='ocrx_word' id='word_1_273' title='bbox 410 4355 442 4417; x_wconf 89' lang='lat' dir='ltr'>et</span> <span class='ocrx_word' id='word_1_274' title='bbox 464 4354 650 4419; x_wconf 89' lang='lat' dir='ltr'>interrivos</span> <span class='ocrx_word' id='word_1_275' title='bbox 672 4353 745 4417; x_wconf 90' lang='lat' dir='ltr'>hinc</span> <span class='ocrx_word' id='word_1_276' title='bbox 768 4353 840 4418; x_wconf 92' lang='lat' dir='ltr'>inde</span> <span class='ocrx_word' id='word_1_277' title='bbox 863 4352 1060 4416; x_wconf 75' lang='lat' dir='ltr'>confluentes</span> <span class='ocrx_word' id='word_1_278' title='bbox 1088 4349 1190 4414; x_wconf 90' lang='lat' dir='ltr'>cultos</span> <span class='ocrx_word' id='word_1_279' title='bbox 1220 4352 1251 4411; x_wconf 90' lang='lat' dir='ltr'>et</span> <span class='ocrx_word' id='word_1_280' title='bbox 1278 4346 1425 4424; x_wconf 84' lang='lat' dir='ltr'>incultos,</span> <span class='ocrx_word' id='word_1_281' title='bbox 1459 4346 1523 4411; x_wconf 86' lang='lat' dir='ltr'>hac</span> 
     </span>
     <span class='ocr_line' id='line_1_35' title="bbox 166 4458 1521 4543; baseline -0.005 -20"><span class='ocrx_word' id='word_1_282' title='bbox 166 4459 292 4542; x_wconf 86' lang='lat' dir='ltr'>adjecta</span> <span class='ocrx_word' id='word_1_283' title='bbox 314 4460 504 4539; x_wconf 80' lang='lat' dir='ltr'>conditione,</span> <span class='ocrx_word' id='word_1_284' title='bbox 527 4461 639 4543; x_wconf 89' lang='lat' dir='ltr'>quod.</span> <span class='ocrx_word' id='word_1_285' title='bbox 660 4459 785 4524; x_wconf 81' lang='lat' dir='ltr'>.abbas</span> <span class='ocrx_word' id='word_1_286' title='bbox 808 4461 1004 4522; x_wconf 85' lang='lat' dir='ltr'>memoratus</span> <span class='ocrx_word' id='word_1_287' title='bbox 1027 4461 1059 4520; x_wconf 84' lang='lat' dir='ltr'>et</span> <span class='ocrx_word' id='word_1_288' title='bbox 1081 4458 1256 4521; x_wconf 88' lang='lat' dir='ltr'>conventus</span> <span class='ocrx_word' id='word_1_289' title='bbox 1279 4472 1380 4518; x_wconf 90' lang='lat' dir='ltr'>unum</span> <span class='ocrx_word' id='word_1_290' title='bbox 1403 4471 1521 4534; x_wconf 79' lang='lat' dir='ltr'>agrurn</span> 
     </span>
     <span class='ocr_line' id='line_1_36' title="bbox 167 4559 1522 4648; baseline -0.002 -18"><span class='ocrx_word' id='word_1_291' title='bbox 167 4585 225 4648; x_wconf 89' lang='lat' dir='ltr'>pro</span> <span class='ocrx_word' id='word_1_292' title='bbox 258 4587 293 4631; x_wconf 88' lang='lat' dir='ltr'>se</span> <span class='ocrx_word' id='word_1_293' title='bbox 325 4568 483 4632; x_wconf 85' lang='lat' dir='ltr'>redimere</span> <span class='ocrx_word' id='word_1_294' title='bbox 516 4569 681 4645; x_wconf 84' lang='lat' dir='ltr'>deberent,</span> <span class='ocrx_word' id='word_1_295' title='bbox 715 4583 812 4647; x_wconf 91' lang='lat' dir='ltr'>quem</span> <span class='ocrx_word' id='word_1_296' title='bbox 842 4565 965 4630; x_wconf 90' lang='lat' dir='ltr'>dudum</span> <span class='ocrx_word' id='word_1_297' title='bbox 996 4563 1055 4626; x_wconf 91' lang='lat' dir='ltr'>sibi</span> <span class='ocrx_word' id='word_1_298' title='bbox 1087 4562 1320 4644; x_wconf 77' lang='lat' dir='ltr'>inpignoratum</span> <span class='ocrx_word' id='word_1_299' title='bbox 1344 4559 1522 4644; x_wconf 81' lang='lat' dir='ltr'>Heiliwigis</span> 
     </span>
     <span class='ocr_line' id='line_1_37' title="bbox 166 4668 1523 4756; baseline -0.004 -17"><span class='ocrx_word' id='word_1_300' title='bbox 166 4674 249 4739; x_wconf 85' lang='lat' dir='ltr'>dicta</span> <span class='ocrx_word' id='word_1_301' title='bbox 271 4674 311 4738; x_wconf 90' lang='lat' dir='ltr'>de</span> <span class='ocrx_word' id='word_1_302' title='bbox 333 4672 447 4756; x_wconf 80' lang='lat' dir='ltr'>Hagen</span> <span class='ocrx_word' id='word_1_303' title='bbox 480 4693 538 4756; x_wconf 88' lang='lat' dir='ltr'>pro</span> <span class='ocrx_word' id='word_1_304' title='bbox 572 4675 682 4739; x_wconf 91' lang='lat' dir='ltr'>decem</span> <span class='ocrx_word' id='word_1_305' title='bbox 714 4674 746 4734; x_wconf 87' lang='lat' dir='ltr'>et</span> <span class='ocrx_word' id='word_1_306' title='bbox 775 4674 846 4736; x_wconf 92' lang='lat' dir='ltr'>octo</span> <span class='ocrx_word' id='word_1_307' title='bbox 873 4669 979 4735; x_wconf 93' lang='lat' dir='ltr'>solidis</span> <span class='ocrx_word' id='word_1_308' title='bbox 1009 4671 1157 4734; x_wconf 82' lang='lat' dir='ltr'>tenuerat</span> <span class='ocrx_word' id='word_1_309' title='bbox 1179 4668 1402 4744; x_wconf 86' lang='lat' dir='ltr'>excolendum,</span> <span class='ocrx_word' id='word_1_310' title='bbox 1438 4687 1523 4752; x_wconf 88' lang='lat' dir='ltr'>quos</span> 
     </span>
     <span class='ocr_line' id='line_1_38' title="bbox 165 4775 1523 4860; baseline 0 -18"><span class='ocrx_word' id='word_1_311' title='bbox 165 4780 207 4843; x_wconf 85' lang='lat' dir='ltr'>ab</span> <span class='ocrx_word' id='word_1_312' title='bbox 230 4780 415 4844; x_wconf 87' lang='lat' dir='ltr'>Hermanno</span> <span class='ocrx_word' id='word_1_313' title='bbox 447 4782 543 4845; x_wconf 84' lang='lat' dir='ltr'>milite</span> <span class='ocrx_word' id='word_1_314' title='bbox 573 4782 656 4845; x_wconf 88' lang='lat' dir='ltr'>dicto</span> <span class='ocrx_word' id='word_1_315' title='bbox 678 4780 719 4844; x_wconf 89' lang='lat' dir='ltr'>de</span> <span class='ocrx_word' id='word_1_316' title='bbox 742 4779 842 4842; x_wconf 87' lang='lat' dir='ltr'>Glane</span> <span class='ocrx_word' id='word_1_317' title='bbox 864 4779 1006 4860; x_wconf 84' lang='lat' dir='ltr'>prefatus</span> <span class='ocrx_word' id='word_1_318' title='bbox 1029 4777 1179 4841; x_wconf 85' lang='lat' dir='ltr'>Albertus</span> <span class='ocrx_word' id='word_1_319' title='bbox 1203 4775 1292 4838; x_wconf 89' lang='lat' dir='ltr'>miles</span> <span class='ocrx_word' id='word_1_320' title='bbox 1315 4780 1453 4856; x_wconf 85' lang='lat' dir='ltr'>emerat,</span> <span class='ocrx_word' id='word_1_321' title='bbox 1485 4781 1523 4842; x_wconf 83' lang='lat' dir='ltr'>ul</span> 
     </span>
     <span class='ocr_line' id='line_1_39' title="bbox 166 4882 1524 4966; baseline 0.001 -17"><span class='ocrx_word' id='word_1_322' title='bbox 166 4885 301 4966; x_wconf 83' lang='lat' dir='ltr'>dicebat,</span> <span class='ocrx_word' id='word_1_323' title='bbox 325 4937 332 4951; x_wconf 91' lang='lat'><strong>.</strong></span> <span class='ocrx_word' id='word_1_324' title='bbox 357 4938 363 4952; x_wconf 92' lang='lat'><em>.</em></span> <span class='ocrx_word' id='word_1_325' title='bbox 387 4887 505 4952; x_wconf 87' lang='lat' dir='ltr'>abbate</span> <span class='ocrx_word' id='word_1_326' title='bbox 527 4892 636 4951; x_wconf 84' lang='lat' dir='ltr'>lamen</span> <span class='ocrx_word' id='word_1_327' title='bbox 667 4891 698 4950; x_wconf 84' lang='lat' dir='ltr'>et</span> <span class='ocrx_word' id='word_1_328' title='bbox 727 4890 886 4951; x_wconf 87' lang='lat' dir='ltr'>conventu</span> <span class='ocrx_word' id='word_1_329' title='bbox 914 4885 1097 4949; x_wconf 83' lang='lat' dir='ltr'>memoratis</span> <span class='ocrx_word' id='word_1_330' title='bbox 1120 4882 1424 4963; x_wconf 72' lang='lat' dir='ltr'>contradicentibus,</span> <span class='ocrx_word' id='word_1_331' title='bbox 1461 4905 1524 4951; x_wconf 90' lang='lat' dir='ltr'>nec</span> 
     </span>
    </p>
   </div>
   <div class='ocr_carea' id='block_1_10' title="bbox 0 0 1610 5424">
    <p class='ocr_par' dir='ltr' id='par_1_10' title="bbox 0 0 1610 5424">
     <span class='ocr_line' id='line_1_40' title="bbox 0 0 1610 5424; baseline 0 1"><span class='ocrx_word' id='word_1_332' title='bbox 0 0 1610 5424; x_wconf 95' lang='lat' dir='ltr'> </span> 
     </span>
    </p>
   </div>
  </div>
 </body>
</html>
