3210 5424
173 327 237 392 410
819 342 885 397 1277

171 507 332 589 pertinent
354 510 385 569 et
407 507 448 569 ad
471 506 589 570 dictum
612 505 776 569 dominum
799 506 944 567 nostrum
968 503 1103 567 electum
1127 504 1222 568 etad
1243 522 1335 568 suam
1358 503 1528 568 ecclesiam

171 614 266 680 nichil
289 614 425 696 amplius
446 613 615 696 pertinere,
639 632 736 696 quam
759 631 798 676 ea
816 613 899 694 jura,
923 630 986 694 que
1007 612 1154 693 superius
1177 614 1252 676 sunt
1270 616 1412 694 excepta,
1436 613 1528 677 salvo

173 726 281 788 tamen
305 723 377 806 jure
408 722 551 787 omnium
580 740 701 798 eorum,
729 722 782 803 qui
810 720 979 803 vulgariter
1007 740 1138 785 croeaen
1165 725 1196 785 et
1222 719 1442 785 marchenoten
1471 740 1529 785 vo·

172 836 294 911 cantur,
318 833 370 915 qui
390 832 463 914 jura
485 849 543 894 sua
565 830 596 893 in
619 828 701 893 dicta
723 828 854 893 marcha
875 829 1005 910 pacifice
1028 829 1248 912 possidebunt,
1272 831 1352 894 sicut
1369 831 1529 894 hactenus

172 940 392 1022 possederunt.
438 938 588 1003 Ceterum
622 956 719 1019 super
753 939 951 1005 dissensione
987 939 1221 1022 Jurisdictionis,
1255 958 1318 1022 quc
1348 938 1529 1021 popericbte

172 1051 313 1126 vocatur,
345 1048 389 1110 sic
423 1049 472 1110 est
504 1045 761 1125 determinatum,
803 1047 889 1129 quod
928 1049 1104 1112 secundum
1135 1049 1353 1130 J'uramentum
1387 1048 1529 1127 quatuor

171 1155 304 1219 militum
336 1155 549 1236 predictorum
580 1154 797 1219 vadimonium
829 1156 970 1238 quinque
997 1154 1181 1233 solidorum,
1215 1155 1302 1238 quod
1334 1155 1376 1218 ad
1404 1154 1526 1217 dictum

168 1265 315 1347 juditium
346 1264 437 1327 tarde
466 1263 674 1341 venientibus,
709 1263 763 1346 qui
793 1263 962 1345 vulgariter
993 1262 1166 1327 latelomcn
1189 1265 1351 1340 vocantur,
1384 1261 1443 1325 fuit
1465 1262 1527 1324 im·

170 1371 309 1454 positum
326 1371 430 1434 minus
445 1373 541 1454 juste,
565 1391 621 1435 sex
638 1372 785 1436 denarios
801 1391 867 1437 non
885 1373 1028 1450 excedat,
1051 1373 1127 1436 item
1143 1371 1361 1435 vadimonium
1381 1371 1527 1453 quinque

169 1479 353 1558 solidorum,
387 1480 473 1561 quod
496 1481 611 1562 injuste
634 1479 868 1562 imponebatur,
902 1483 1083 1562 corruptam
1115 1478 1304 1544 dictantibus
1326 1479 1526 1544 sentenciam

170 1587 311 1651 similiter
343 1607 399 1651 sex
430 1589 579 1652 denarios
613 1608 677 1653 non
710 1589 854 1667 excedat,
888 1589 963 1652 item
998 1590 1179 1671 quicunque
1209 1587 1413 1669 proscriptus,
1449 1606 1524 1650 cum

169 1695 343 1758 restituitur
368 1695 431 1777 juri
462 1715 530 1773 suo,
564 1715 630 1759 non
662 1696 733 1778 plus
767 1697 855 1761 dabit
887 1716 984 1778 quam
1015 1695 1150 1761 solidum
1175 1694 1229 1777 qui
1252 1699 1381 1759 vocatur
1402 1694 1526 1758 vrethe-

168 1801 331 1885 schillinp.
373 1802 413 1865 Et
441 1802 501 1866 hec
528 1805 601 1885 J'ura
630 1804 774 1885 predicta
803 1823 876 1868 cum
907 1803 1056 1868 omnibus
1079 1802 1203 1885 juribus
1225 1802 1267 1866 ad
1290 1803 1406 1867 dictam
1426 1804 1526 1886 juris·

169 1911 349 1988 dictionem,
383 1929 445 1992 que
475 1911 653 1995 pope-riclam
686 1915 825 1989 vocatur,
859 1912 1020 1975 communi
1050 1912 1122 1992 jure
1154 1909 1395 1992 pertinentibus
1427 1915 1526 1991 prout

169 2037 208 2084 ea
238 2019 393 2084 Rodollus
426 2020 466 2084 de
500 2020 608 2084 Haren
644 2020 734 2084 miles
766 2020 897 2102 pacifice
929 2020 1094 2102 quondam
1124 2020 1313 2100 possederat
1341 2022 1373 2083 et
1402 2020 1525 2102 quiete,

167 2127 254 2192 idem
278 2127 426 2192 dominus
456 2131 564 2192 noster
594 2128 712 2192 electus
741 2128 799 2209 ipsi
830 2127 936 2193 comiti
964 2133 995 2192 et
1025 2127 1091 2192 suis
1119 2127 1254 2192 subditis
1284 2130 1441 2211 perpetuo
1473 2128 1525 2192 in·

168 2235 354 2302 violabiliter
375 2235 567 2301 observabit.
610 2235 680 2312 Que
702 2237 811 2301 omnia
833 2236 1015 2318 supradicta
1037 2237 1218 2318 sepedictus
1241 2236 1388 2300 dominus
1412 2240 1526 2300 noster

167 2343 286 2407 electus
308 2344 480 2407 admittens
502 2344 621 2425 pariter
642 2346 674 2406 et
687 2346 857 2425 acceptans
873 2343 964 2407 nobis
979 2343 1182 2425 presentibus
1199 2348 1231 2406 et
1249 2344 1527 2407 consentientibus

166 2448 365 2530 approbavit,
399 2449 514 2532 quibus
546 2470 606 2515 nos
639 2451 671 2514 in
703 2451 968 2532 protestationem
1002 2451 1177 2515 eorundem
1209 2455 1354 2515 nostrum
1385 2450 1525 2532 sigillum

166 2553 315 2619 duximus
355 2557 594 2637 apponendum.
639 2559 719 2623 Acta
757 2562 831 2623 sunt
870 2559 929 2623 hec
968 2560 1068 2641 pridie
1105 2558 1266 2623 Kalendas
1303 2557 1396 2636 Junii,
1435 2577 1526 2624 anno

166 2663 292 2728 Domini
314 2664 537 2731 M⁰CC⁰LXX⁰
560 2665 641 2744 V11⁰‚
663 2668 866 2747 presentibus
888 2666 1070 2747 Helmoldo,
1093 2669 1243 2748 magistro
1265 2665 1409 2746 Gerlaco,
1434 2667 1526 2733 Con-

165 2773 244 2837 rado
267 2772 367 2852 Unco,
400 2774 585 2839 Everhardo
612 2777 652 2839 de
680 2775 786 2854 Horst,
822 2778 971 2857 magistro
997 2775 1149 2854 Jordano,
1184 2775 1311 2840 Hinrico
1338 2777 1379 2840 de
1401 2776 1524 2856 Monte,

165 2880 301 2962 Hugone
333 2882 373 2945 de
403 2881 583 2961 Goltheren,
616 2883 762 2948 iohanne
785 2884 823 2947 dc
848 2884 918 2962 Ves,
953 2884 1102 2949 Rolando
1130 2883 1338 2963 thesaurario,
1373 2884 1525 2950 Wezcelo

164 2989 205 3054 de
227 2989 382 3070 Stadhen,
415 2990 559 3055 Arnoldo
586 2992 759 3070 scolastice,
793 2991 979 3056 Alebrando
1007 2993 1047 3056 de
1070 2991 1184 3070 Hethe,
1220 2990 1389 3056 Thiderico
1417 2992 1524 3073 Flore,

163 3095 315 3161 Brunone
350 3098 390 3161 de
423 3098 571 3176 Hammo,
602 3098 741 3163 Rodolio
774 3100 814 3164 de
845 3100 955 3180 Rusle,
988 3099 1172 3165 liverhardo
1204 3100 1244 3163 de
1277 3099 1524 3179 Volmezstiene,

151 3202 315 3271 'Ludwico
347 3206 509 3288 preposito
543 3206 673 3271 ecclesie
706 3209 806 3272 sancti
821 3253 824 3262 .
839 3207 1002 3286 lobannis,
1036 3208 1172 3273 Ludiero
1206 3208 1246 3271 de
1279 3206 1524 3290 Bissenthorpe,

163 3311 344 3378 Wemhero
366 3315 406 3378 de
427 3314 610 3392 Tremonia,
643 3314 790 3379 iohanne
812 3315 915 3380 Beren
942 3316 1073 3380 ecclesie
1095 3318 1203 3381 nostre
1226 3316 1407 3393 canonicis;
1442 3317 1524 3382 item

162 3417 308 3484 Jobanne
342 3423 454 3500 Beren,
488 3423 627 3487 Luberto
662 3424 701 3487 de
735 3422 842 3505 Linge,
877 3423 1066 3488 Bernhardo
1098 3424 1139 3488 de
1173 3423 1327 3502 Beveren,
1367 3424 1525 3491 Lodwico

162 3525 286 3606 Haben,
309 3527 494 3610 Gyselberto
516 3530 556 3593 de
572 3531 809 3613 Bissenthorpe,
832 3530 969 3614 lingone
989 3532 1029 3595 de
1048 3531 1166 3607 Horne,
1189 3531 1332 3596 Arnoldo
1349 3532 1390 3595 de
1409 3532 1524 3614 Horst,

163 3633 358 3700 Helenberto
379 3636 475 3701 fratre
498 3638 576 3720 ejus,
599 3638 727 3702 Hinrico
746 3638 878 3718 Vinken,
902 3639 1030 3704 Hinrico
1046 3639 1085 3704 de
1101 3639 1325 3722 Aspelcampe,
1348 3640 1522 3720 militibus3

159 3739 312 3807 Nicholao
335 3742 491 3825 Eyfetario
512 3746 579 3811 cive
602 3746 853 3827 Osnaburgensi.

286 3849 1469 3940 QQWWQWMWWWWQM&QQ

158 4210 237 4278 590.
260 4249 298 4260 -
321 4210 500 4296 bertino,
524 4212 616 4291 12⁷7,
640 4212 729 4291 dunt
751 4215 782 4282 a.

326 4343 1519 4434 &wwmfflmmmmwmmwmww

326 4452 378 4519 bct
412 4450 529 4533 (broten
562 4452 637 4521 Dite
670 4470 729 4519 uon
763 4451 933 4536 brutium,
966 4470 1006 4518 uu
1040 4455 1096 4520 boa
1129 4456 1448 4544 mentidorbenatcuo
1485 4465 1520 4531 in

330 4559 457 4642 titrecbt.

423 4691 510 4750 §unu
527 4691 568 4747 bei
587 4690 728 4762 Sungtuss,
746 4691 870 4747 Historia
889 4693 1099 4750 Beuthemensis
1119 4695 1156 4753 Θ.
1176 4697 1219 4751 84.

283 4807 444 4873 Universis
472 4808 638 4890 presentes
670 4804 788 4871 litteras
816 4808 929 4873 visuris
961 4809 1117 4890 Egbertus
1151 4831 1258 4876 comes
1291 4813 1322 4876 in
1352 4814 1519 4884 Beuthem

156 4913 292 4978 salutem
313 4914 347 4980 in
369 4916 500 4980 domino
522 4913 760 4995 sempiternam.
805 4915 886 4981 Cum
910 4918 1062 4998 temporis
1086 4919 1244 4984 mobilitas
1267 4923 1375 4988 omnia
1399 4944 1516 4993 secum
