3210 5424
709 346 776 404 m
1356 328 1416 393 ffli

73 508 165 590 erigit
187 513 218 574 et
239 509 318 575 ordo
340 510 470 575 rationis
492 511 636 590 consulit,
671 515 707 575 ut
739 512 886 593 quotiens
919 508 1026 592 aliqua
1052 509 1247 587 ordinantur,
1282 527 1345 591 que
1374 509 1416 574 ad

72 618 189 682 cultum
204 617 261 683 Dei
284 619 502 702 ampliandum
524 623 599 684 sunt
620 620 708 686 utilia
730 624 763 684 et
783 620 963 684 animarum
985 618 1078 683 saluti
1100 619 1289 698 necessaria,
1312 617 1416 683 modis

71 726 219 791 omnibus
240 730 391 791 caveatur
419 731 451 792 et
478 728 694 810 provideatur,
727 730 762 792 ut
796 728 840 791 sic
869 728 1015 793 ordinata
1045 727 1199 810 scripture
1232 726 1416 791 testimonio

70 834 261 900 roborentur
292 839 361 900 tum
398 840 433 901 ut
465 836 561 901 ceteri
594 837 705 902 fideles
737 836 919 919 hujusmodi
953 836 1100 918 exemplo
1132 836 1173 900 ad
1207 836 1319 900 similia
1340 854 1416 918 pro·

70 946 232 1015 vocentur.
271 946 340 1007 tum
374 942 469 1007 etiam
503 963 544 1008 ne
579 943 638 1009 rite
671 943 817 1009 ordinata
850 943 1090 1025 malignantium
1121 943 1238 1008 astutia
1267 961 1416 1009 successu

70 1052 223 1133 temporis
257 1055 486 1131 pervertantur.
531 1050 603 1128 Qua
635 1055 765 1135 propter
808 1052 963 1116 universis
1006 1052 1121 1119 Christi
1165 1052 1311 1117 fidelibus
1354 1051 1416 1116 hoc

69 1158 220 1241 scripturn
254 1159 440 1241 inspecturis
474 1163 620 1224 constare
653 1160 883 1238 desideramus,
928 1160 1014 1242 quod
1056 1180 1116 1226 nos
1150 1160 1350 1226 advocatiam
1384 1165 1416 1226 et

69 1286 166 1332 omne
195 1268 248 1350 jus
282 1267 368 1350 quod
401 1266 573 1331 habuimus
605 1270 637 1332 in
669 1268 766 1333 domo
788 1267 933 1344 Tetilren,
967 1288 1030 1352 que
1062 1271 1122 1334 sita
1152 1273 1200 1334 est
1230 1270 1261 1335 in
1283 1269 1415 1349 Elmelo,

69 1374 261 1439 contulimus
293 1375 585 1440 sanctimonialibus
618 1378 649 1441 in
671 1376 913 1458 Bersenbrugge
935 1376 1003 1444 Deo
1036 1378 1287 1443 deservientibus
1318 1377 1416 1442 libere

70 1488 102 1549 et
134 1484 282 1549 absolute
314 1488 471 1566 perpetuo
503 1486 743 1566 possidendum.
786 1485 826 1550 Et
862 1505 903 1550 ne
940 1487 1010 1569 quis
1043 1487 1074 1550 in
1107 1489 1271 1569 posterum
1306 1488 1416 1550 contra

70 1593 190 1658 facturn
220 1593 304 1658 istud
325 1591 534 1675 calumpniari
556 1597 730 1674 presumat,
762 1612 894 1676 presens
925 1595 1075 1676 scriptum
1098 1593 1186 1676 sigilli
1209 1592 1307 1657 nostri
1329 1593 1416 1656 testi·

71 1702 181 1766 monio
210 1701 342 1766 lecimus
375 1701 574 1767 communiri.
617 1701 735 1766 Datum
762 1720 847 1766 anno
869 1702 969 1783 gratie
991 1700 1226 1781 M⁰CC⁰L⁰IX⁰,
1257 1701 1416 1766 dominica

69 1810 297 1877 Reminisoere.

194 1918 304 2003 &teget
325 1919 382 1986 mit
403 1916 705 2003 ftlctgomenttreiim
730 1917 777 1985 ot.

69 2216 146 2285 228.
167 2255 211 2268 -
233 2218 327 2299 1260,
349 2218 443 2303 aucit
466 2219 517 2289 1⁷.

239 2350 355 2434 ἓὸίὶῴοῖ
385 2350 544 2419 bothonia
577 2368 636 2417 oon
658 2349 831 2418 uruntur
861 2349 1014 2434 tibertrigt
1046 2350 1111 2417 bem
1139 2349 1254 2430 sstoltet
1277 2350 1415 2419 dionem

238 2458 314 2543 botlt
335 2458 391 2527 beu
412 2459 545 2544 ssehnten
567 2477 626 2526 oon
650 2460 670 2523 3
692 2457 791 2525 urben
813 2458 846 2525 in
869 2456 995 2536 initiet.

333 2592 464 2663 titichrtit
483 2600 537 2649 oon
556 2591 690 2664 ungrihti
709 2591 778 2647 1500
798 2592 826 2647 tn
845 2589 914 2661 litte.
927 2591 950 2658 Ι,
968 2592 1013 2658 97,
1030 2589 1068 2648 ὦ.
1081 2591 1116 2645 85
1135 2588 1183 2647 tre
1202 2589 1414 2663 &testamentus

336 2678 470 2750 litinttet.

192 2796 396 2862 Baldewinus
417 2797 475 2862 Dei
497 2797 597 2878 gratia
620 2794 875 2877 osnaburgensis
910 2793 1040 2859 ecclesie
1073 2795 1241 2877 episcopus
1266 2794 1415 2859 omnibus

67 2904 150 2969 banc
182 2904 321 2969 litteram
353 2906 465 2969 visuris
498 2902 663 2987 utriusque
696 2903 759 2967 vite
789 2903 935 2967 salutern,
978 2901 1061 2966 Tam
1089 2903 1286 2984 presentium
1317 2920 1413 2985 quam

70 3011 249 3078 futurorum
290 3013 483 3077 universitati
521 3011 669 3077 duximus
708 3010 930 3089 intimandum,
968 3010 1053 3092 quod
1092 3029 1151 3074 nos
1183 3010 1226 3074 ob
1258 3009 1415 3074 honorem

68 3120 189 3186 domini
221 3122 321 3186 nostri
353 3120 428 3186 Jesu
462 3120 578 3187 Christi
622 3123 654 3184 et
686 3119 821 3201 gloriose
855 3117 965 3183 matris
997 3120 1065 3201 ejus
1094 3118 1191 3184 llarie
1222 3118 1415 3183 dominabus

69 3228 188 3293 ordinis
217 3228 433 3294 cisterciensis
455 3230 496 3293 de
518 3227 734 3292 Gravenhorst
764 3227 920 3291 decimam
953 3227 1047 3290 trium
1078 3226 1247 3291 domorum
1277 3227 1309 3290 in
1332 3225 1415 3291 Hor-

68 3337 158 3401 stelle
179 3341 336 3420 perpetua
357 3337 535 3401 donacione
557 3335 759 3402 contulimus.
802 3335 844 3399 Ut
865 3338 975 3399 autem
997 3338 1105 3399 nostra
1136 3335 1265 3400 collario
1294 3335 1416 3400 stabilis

69 3451 199 3510 maneat
230 3447 262 3510 in
292 3449 483 3528 perpetuum
517 3447 550 3508 et
582 3443 767 3508 inconvulsa
800 3446 982 3525 presentem
1013 3443 1162 3525 paginam
1195 3442 1283 3525 sigilli
1316 3443 1415 3507 nostri

68 3555 244 3619 munimine
276 3554 407 3619 lecimus
438 3554 591 3619 roborari.
635 3550 750 3616 Datum
784 3570 871 3615 anno
901 3551 1026 3616 Domini
1057 3549 1243 3629 M⁰CC⁰LX,
1278 3550 1415 3616 sabbato

68 3667 141 3745 post
163 3662 313 3748 Tyburcii
336 3668 367 3728 et
388 3663 546 3728 Valeriani
570 3669 627 3731 etc.

67 3936 144 4004 229.
165 3977 209 3986 -
230 3939 368 4025 anagni,
393 3940 489 4020 1260,
512 3939 588 4011 utu
611 3941 640 4010 7.

238 4070 308 4137 thoe
331 4071 519 4151 montanica
541 4090 575 4155 gu
597 4070 769 4138 Darrobrtirt
799 4069 996 4150 tronelumirt
1027 4076 1146 4139 untetm
1179 4073 1229 4138 31.
1253 4072 1412 4158 iheremias

239 4179 319 4243 1269
353 4180 436 4246 einen
466 4179 645 4260 &innutriri
677 4181 729 4246 bea
763 4179 889 4263 tlopltea
912 4180 1078 4260 distentet
1100 4181 1149 4245 IV.
1183 4181 1233 4263 titt
1260 4183 1305 4249 tte
1334 4181 1411 4248 litii:

237 4288 347 4370 gtiebec
368 4289 420 4354 hee
443 4287 739 4370 {lotonniterocbena
761 4305 829 4354 oom
853 4287 882 4352 7.
905 4286 976 4353 litai
1001 4288 1092 4354 1260.

334 4420 465 4490 origum
484 4422 520 4475 im
540 4418 635 4489 titiane
654 4420 698 4475 ter
717 4418 827 4489 illiceret
846 4419 922 4490 tlogr.
960 4418 1059 4476 iltuit:
1087 4418 1258 4491 moenum,
1285 4419 1413 4491 ffieihtgr

334 4508 372 4565 (ὅ.
392 4511 436 4576 71,
454 4508 504 4563 nr.
525 4510 566 4562 18.
604 4506 685 4577 gelati
703 4507 744 4562 hri
763 4506 895 4577 bohholt.

193 4624 259 4689 Nos
286 4625 450 4707 Ludgerus
478 4627 666 4708 prepositus,
697 4624 915 4689 Bertrammus
936 4625 1087 4703 decanus,
1117 4625 1268 4690 Ernestus
1290 4629 1410 4705 cantor,

66 4731 234 4797 Rolandus
265 4732 481 4798 thesaurarius
510 4734 640 4797 ecclesie
667 4733 922 4815 Osnaburgensis
952 4737 1175 4817 protestamur,
1209 4754 1269 4800 nos
1295 4735 1411 4800 vidisse

66 4840 187 4905 litteras
209 4842 398 4923 apostolicas
419 4861 484 4906 non
508 4840 697 4906 cancellatas
729 4860 795 4906 non
824 4842 959 4907 abolitas
989 4841 1101 4907 necin
1124 4842 1230 4925 aliqua
1251 4846 1342 4925 parte
1363 4842 1412 4908 sui

68 4949 206 5029 violatas,
225 4968 360 5031 quarum
376 4954 469 5015 tenor
485 4951 516 5014 in
534 4948 674 5033 presenti
690 4949 807 5032 pagina
824 4949 1020 5035 subscriptus
1034 4950 1106 5014 talis
1119 4954 1180 5015 est:
1199 4951 1413 5018 Alexander

1185 5051 1243 5117 11*
