3210 5424
739 384 804 440 1251
1404 368 1443 434 19

90 546 250 611 vocabulo
280 547 473 613 Osterbereh
503 549 686 612 nominatur
715 549 834 613 eisdem
846 549 886 634 (l)
917 548 1047 612 ecclesie
1082 549 1122 613 de
1155 568 1312 614 consensu
1342 549 1441 614 tocius

90 653 221 736 capituli
243 657 373 738 majoris
395 660 427 721 et
448 656 593 721 omnium
616 655 772 721 heredum
794 656 1004 739 legitimarum
1013 655 1053 741 (t)
1077 675 1139 739 que
1163 657 1194 720 in
1212 656 1372 742 eodem(!)
1390 657 1443 739 jus

90 761 319 826 bereditarium
349 762 469 828 habere
498 763 681 828 sciebantur
711 783 784 828 cum
813 767 900 829 omni
922 764 1100 846 integritate
1122 768 1155 828 et
1172 766 1244 847 jure
1268 765 1354 846 quod
1375 768 1441 829 tem

91 889 155 934 nos
175 873 209 935 et
229 870 403 954 capitulum
434 875 579 937 nostrum
607 874 711 957 majus
741 876 773 938 et
794 872 939 950 heredes,
970 872 1056 954 quod
1066 872 1106 958 (l)
1128 873 1159 936 in
1181 872 1300 954 vulgan'
1322 871 1443 953 eseliae

90 982 322 1061 nuncupantur
343 979 552 1062 possidebant
572 980 671 1044 libere
692 980 883 1046 contulimus
906 983 936 1044 et
958 980 1189 1061 assignavimus
1217 980 1347 1044 ecclesie
1368 998 1442 1061 pre-

90 1088 203 1150 notate
232 1103 291 1169 pro
322 1105 382 1152 sua
413 1087 577 1152 voluntate
608 1088 841 1171 disponendam
864 1091 896 1152 et
918 1088 1015 1174 sui(!)
1038 1089 1107 1152 usui
1130 1075 1350 1153 ordinandam.
1395 1087 1442 1150 Ex

89 1194 220 1276 speciali
243 1196 345 1260 eciam
377 1197 482 1278 gracia
513 1197 538 1261 si
561 1198 675 1262 eadem
697 1197 830 1262 ecclesia
851 1197 965 1262 novale
992 1196 1035 1261 ibi
1062 1197 1253 1261 constituere
1276 1195 1442 1274 curaverit,

89 1305 321 1386 proprietatem
352 1304 474 1369 decime
502 1306 646 1388 ejusdem
678 1325 741 1389 que
768 1307 810 1371 ad
838 1324 897 1370 nos
923 1306 994 1388 jure
1017 1303 1187 1388 episcopali
1208 1305 1380 1386 pertineret
1402 1304 1442 1368 de

89 1429 253 1476 consensu
274 1411 403 1494 capituli
425 1412 554 1496 majoris
574 1414 804 1496 assignavimus
826 1416 859 1478 et
880 1413 1071 1477 contulimus
1098 1412 1227 1478 ecclesie
1248 1411 1439 1495 supradicte.

89 1518 271 1585 Memorata
286 1521 387 1585 eciam
406 1520 538 1585 ecclesia
555 1521 704 1586 affectum
724 1524 756 1586 et
772 1521 972 1585 dilectionem
988 1538 1026 1584 ac
1042 1521 1281 1602 promocionem
1301 1523 1443 1584 nostram

88 1627 263 1692 attendens
296 1628 456 1709 octoginta
487 1646 612 1693 marcas
644 1629 686 1694 ad
719 1628 913 1693 solucionem
953 1629 1133 1693 debitorum
1171 1627 1301 1692 ecclesie
1333 1631 1442 1692 nostre

88 1736 255 1800 variorum
298 1755 362 1819 que
398 1739 616 1802 antecessores
655 1737 754 1801 nostri
792 1737 887 1801 variis
926 1756 965 1801 ex
1002 1737 1105 1802 causis
1142 1739 1365 1802 contraxerant
1403 1755 1443 1801 ex

91 1845 211 1926 quibus
243 1844 358 1909 debitis
389 1844 520 1909 ecclesia
550 1848 659 1910 nostra
689 1845 790 1910 extitit
820 1845 1003 1927 gravissime
1029 1848 1162 1910 onerata
1188 1846 1317 1928 injuris
1341 1844 1441 1910 nostri

91 1953 383 2035 conpensacionem
410 1957 442 2017 et
469 1953 645 2038 dampnum
672 1951 843 2017 liberaliter
872 1955 905 2016 et
929 1952 1105 2018 voluntarie
1133 1952 1263 2018 contulit
1291 1953 1441 2018 allectum

90 2079 188 2126 suum
210 2062 295 2126 circa
316 2080 376 2126 nos
398 2060 567 2147 effectui(!)
587 2059 724 2126 filialiter
745 2079 782 2126 ac
803 2059 1006 2126 devotissime
1028 2061 1250 2144 mancipando.
1280 2060 1328 2125 Ne
1349 2060 1443 2143 igitur

90 2187 191 2251 super
212 2167 380 2234 collatione
402 2174 433 2234 et
454 2169 671 2252 assignacione
692 2172 802 2233 nostra
825 2167 876 2251 pie
898 2187 936 2233 ac
957 2168 1014 2233 rite
1037 2168 1121 2233 iacta
1136 2168 1290 2251 premisse
1310 2168 1442 2233 ecclesie

90 2277 219 2358 questio
236 2277 343 2341 valeat
361 2278 502 2342 suscitari
526 2277 576 2341 vel
598 2276 640 2341 ab
661 2276 819 2359 aliquibus
840 2277 872 2341 in
894 2281 1056 2361 posterum
1079 2278 1293 2342 controversia
1311 2277 1440 2354 moveri,

90 2388 277 2467 presentem
299 2370 434 2451 litteram
456 2388 501 2451 rei
523 2390 611 2467 geste
634 2385 778 2450 ordinem
802 2390 833 2450 et
854 2405 1039 2468 processum
1056 2385 1190 2451 fideliter
1211 2389 1243 2450 et
1264 2404 1339 2448 vere
1360 2402 1437 2449 con-

89 2492 248 2557 tinentem
270 2493 370 2576 sigillo
392 2497 501 2559 nostro
523 2495 743 2577 consignatam
766 2495 798 2560 in
819 2493 1033 2560 testimonium
1061 2497 1091 2558 et
1115 2495 1278 2558 munimen
1300 2493 1437 2576 capitulo

89 2601 286 2666 contulimus
317 2607 505 2670 memorato.
547 2602 630 2667 Acta
661 2606 736 2668 sunt
768 2602 828 2667 hec
857 2622 942 2668 anno
972 2603 1097 2669 Domini
1128 2603 1291 2669 M⁰CC⁰L⁰
1321 2604 1439 2686 prim03

89 2708 147 2773 1111
179 2708 228 2776 Kl.
262 2708 346 2793 Maji.
390 2709 502 2776 Testes
540 2710 631 2796 hii(l)
663 2711 709 2775 rei
743 2715 833 2776 sunt:
877 2711 1077 2776 Baldewinus
1116 2713 1217 2795 major
1248 2710 1436 2794 prepositus,

88 2817 256 2883 iohannes
279 2819 419 2884 decanus
440 2820 551 2903 major,
580 2818 750 2904 Gysebo(tl
772 2819 987 2884 thesaurarius
997 2818 1023 2904 ²)
1046 2819 1087 2883 de
1109 2818 1190 2883 Foro
1213 2818 1323 2896 dictus,
1356 2816 1434 2881 Ger-

88 2925 213 2991 hardus
235 2927 276 2991 de
299 2927 392 3007 Bure,
425 2926 596 3013 Gyseb0(t)
619 2929 746 3015 dicto(t)
768 2927 886 3011 Vulpis,
920 2926 1071 2992 Altrirnus
1105 2930 1138 2991 et
1162 2946 1275 2992 omnes
1296 2927 1439 2991 canonici

88 3035 223 3118 majoris
245 3034 385 3115 ecclesie,
408 3037 652 3119 quibuscunque
673 3036 834 3102 vocabulis
855 3037 921 3100 sive
944 3036 1126 3101 nominibus
1149 3039 1346 3101 censeantur.

201 3194 222 3262 ¹)
243 3193 270 3265 lt.
290 3208 359 3250 nove
378 3193 508 3249 civitatis.
528 3223 560 3232 —
581 3193 603 3260 ²)
622 3191 688 3264 [cipit
707 3191 861 3248 Gerhardus
879 3191 921 3246 de.

89 3464 522 3596 mqmmm

263 3647 329 3714 ibat
362 3645 544 3730 boumont
575 3644 712 3713 bothnin
745 3643 931 3726 beuttunbet,
966 3644 1023 3724 bati
1061 3644 1117 3711 boa
1150 3643 1338 3727 ibomcopitel
1370 3644 1434 3711 bem

264 3753 498 3840 nonanoeane
528 3752 582 3821 olle
604 3753 681 3835 letne
702 3753 805 3837 tietbte
827 3773 876 3821 om
898 3754 1004 3822 ttrite
1025 3753 1181 3837 {liesbern
1209 3756 1264 3820 mit
1295 3753 1345 3819 bet
1367 3761 1437 3819 ona:

261 3862 430 3943 brticttidien
458 3861 626 3941 urtoubnib
657 3881 692 3946 gu
721 3863 889 3948 fflotungen
923 3863 1100 3947 iibettmgcn
1133 3862 1219 3946 tisim
1252 3860 1341 3944 batti
1373 3878 1437 3927 ret:

261 3970 386 4054 pffidtet
417 3969 466 4052 lib
494 3970 540 4037 bic
560 3970 806 4054 Sobrnntrlttdie
836 3991 871 4056 gu
901 3973 981 4039 aines
1009 3972 1165 4055 itbttitbcn
1189 3970 1349 4039 dirimente
1377 3987 1435 4035 ron

262 4080 281 4144 7
304 4080 499 4164 &dilingen
531 4080 551 4143 6
573 4080 743 4165 titiuchn
774 4080 834 4147 aab
867 4080 962 4160 errant
993 4082 1057 4149 bem
1079 4080 1269 4164 iuomcopitet
1291 4081 1354 4147 cine
1377 4083 1436 4149 die:

258 4189 431 4256 bettetcnte
452 4199 511 4256 oua
533 4189 587 4257 ben
605 4188 727 4257 iisdem
748 4189 794 4256 bet
813 4188 996 4274 &bingium
1019 4189 1118 4271 netcbe
1131 4188 1261 4271 baaletbe
1280 4188 1328 4257 bia
1344 4189 1435 4274 botin

260 4297 370 4383 gelabit
393 4300 452 4382 bat.

356 4428 488 4500 ttblqritt
506 4428 553 4485 bea
572 4431 614 4483 14.
627 4428 729 4501 &obsta
749 4430 777 4485 tn
792 4427 861 4497 iilic.
879 4430 941 4495 201,
959 4429 1018 4483 115.
1039 4427 1134 4485 iutud:
1154 4426 1250 4499 ultor.
1267 4430 1301 4497 V,
1320 4430 1431 4487 &112

218 4543 480 4635 B[aldewinus]¹)
503 4547 559 4612 Dei
581 4549 686 4630 gracia
707 4549 898 4631 prepositus,
920 4548 1082 4612 iohannes
1105 4549 1244 4613 decanus
1266 4553 1433 4634 totumque

89 4655 262 4738 capitulum
294 4657 423 4739 majoris
453 4655 582 4720 ecclesie
610 4658 643 4721 in
673 4656 819 4721 Osembr.
852 4656 1005 4720 universis
1035 4675 1168 4738 presens
1201 4658 1351 4741 scriptum
1384 4662 1432 4724 in-

87 4765 251 4828 tuentibus
273 4764 305 4828 in
326 4768 525 4847 perpetuum.
570 4764 687 4830 Carere
718 4766 842 4830 videtur
868 4768 971 4828 mater
992 4764 1107 4830 affectu
1129 4766 1263 4831 materni
1285 4769 1431 4849 nominis,

89 4890 187 4954 quam
217 4890 282 4937 non
312 4876 419 4937 movet
449 4875 621 4939 necessitas
651 4874 761 4943 filialis.
805 4875 886 4940 Hinc
916 4875 999 4938 enim
1028 4878 1086 4952 est,
1117 4876 1203 4958 quod
1227 4882 1337 4942 nolum
1360 4898 1431 4943 esse

89 4981 235 5062 cupimus
255 4979 457 5061 presentibus
487 4983 519 5044 et
543 4984 689 5063 posteros
711 4981 860 5046 nolumus
882 4983 1037 5063 ignorare,
1066 4985 1152 5067 quod
1183 5006 1242 5051 nos
1273 4989 1432 5053 communi

1204 5081 1242 5146 ρ*
