3210 5424
774 343 840 399 1273
1423 329 1485 393 345

129 503 313 587 prevenitur
335 507 479 584 materia,
512 526 552 571 ne
575 510 734 589 prestetur
756 507 896 589 maligna
917 507 977 571 litis
999 507 1124 572 occasio
1147 508 1332 573 successori.
1375 508 1483 575 Sciant

127 613 223 693 igitur
246 616 411 695 presentes
433 631 470 676 ac
493 615 621 696 posteri,
655 615 742 698 quod
765 615 898 680 dilectus
920 619 1011 697 pater
1032 618 1142 679 noster
1164 614 1343 695 Corradus,
1376 635 1484 699 quon-

127 724 204 788 dam
228 742 335 789 comes
357 722 389 786 in
410 722 561 805 Retberg,
595 726 767 807 postquam
797 723 904 789 divina
926 726 1059 787 vocante
1082 725 1113 786 et
1135 722 1281 788 trahente
1303 724 1404 806 gratia
1426 745 1479 789 re-

127 831 253 913 ligionis
283 831 428 895 habiturn
459 832 642 914 assumpsit,
676 831 790 896 eadem
823 834 858 896 ut
883 849 1051 914 speramus
1078 828 1249 913 inspiratus
1271 834 1383 915 gratia,
1419 852 1485 917 qua

127 942 249 1004 tractus
272 939 375 1003 luerat
396 941 427 1002 et
451 941 591 1016 vocatus,
614 940 749 1004 anobis
772 943 803 1004 et
824 958 844 1004 a
867 940 963 1004 tratre
986 941 1105 1018 nostro,
1129 939 1225 1004 nobili
1243 941 1310 1006 viro
1324 939 1484 1006 l'riderico

127 1049 256 1126 comite,
279 1047 434 1111 instanter
456 1046 570 1128 exegit,
592 1050 629 1111 ut
651 1048 760 1112 lumen
783 1066 910 1112 cereum
934 1047 974 1112 de
997 1050 1132 1129 paterna
1153 1046 1330 1112 hereditate
1349 1068 1407 1130 per
1425 1068 1485 1114 nos

127 1158 350 1237 comparatum
373 1154 405 1217 in
429 1154 633 1231 monasterio,
657 1156 744 1237 quod
768 1155 881 1221 dicitur
897 1155 1039 1237 Campus
1054 1157 1165 1219 sancte
1180 1154 1278 1220 Marie
1294 1156 1485 1236 locaremus,

128 1264 218 1347 quod
252 1264 293 1328 ad
326 1262 483 1328 honorem
524 1261 673 1326 dominici
710 1262 852 1345 corporis
888 1262 920 1327 in
955 1263 1069 1328 eadem
1103 1263 1235 1328 ecclesia
1274 1264 1316 1329 ad
1349 1265 1484 1346 gradum

127 1372 260 1456 majoris
293 1371 400 1436 altaris
435 1370 548 1435 diebus
580 1388 618 1434 ac
651 1371 798 1435 noctibus
827 1370 944 1454 jugiter
976 1371 1008 1435 in
1042 1374 1232 1453 perpetuum
1266 1373 1404 1451 arderet,
1441 1373 1484 1437 ob

126 1479 265 1545 salutem
299 1478 444 1543 videlicet
476 1478 656 1542 animarum
691 1481 873 1542 nostrarum
909 1481 941 1542 et
972 1479 1115 1543 omnium
1148 1485 1318 1561 parentum
1346 1484 1379 1545 et
1409 1501 1485 1546 con-

126 1588 376 1669 sanguineorum
399 1589 581 1651 nostrorum
605 1589 637 1650 et
658 1585 808 1668 precipue
830 1585 943 1651 dilecte
962 1587 1071 1651 matris
1087 1587 1238 1671 nostre,¹)
1261 1589 1351 1672 cujus
1367 1607 1484 1671 corpus

124 1698 161 1761 in
192 1695 334 1779 predicto
363 1694 559 1760 monasterio
594 1693 737 1776 quiescit,
772 1693 925 1758 traditum
958 1694 1130 1776 sepulture.
1174 1680 1278 1779 Hujus
1308 1697 1352 1760 rei
1382 1696 1485 1779 gratia

130 1821 282 1867 mansum
312 1801 476 1884 quendam
508 1802 539 1865 in
562 1800 739 1886 Remese2)
761 1820 782 1866 a
803 1801 933 1867 Nicolao
960 1807 1174 1885 cognomento
1196 1803 1314 1869 Blanca
1342 1823 1402 1886 pro
1430 1805 1487 1868 tri·

124 1913 214 1995 ginta
237 1912 352 1976 marcis
374 1911 416 1975 ad
438 1911 616 1992 predictum
633 1910 743 1974 lumen
762 1911 1028 1992 comparavimus,
1051 1913 1274 1976 consenciente
1296 1931 1354 1994 per
1376 1913 1486 1978 omnia

123 2039 227 2086 uxore
258 2020 354 2102 ipsius
377 2019 496 2084 Nicolai
530 2021 562 2082 et
591 2019 697 2083 liberis
728 2018 798 2101 ejus
829 2036 953 2083 necnon
984 2021 1017 2082 et
1038 2017 1214 2085 Thetmaro
1246 2024 1486 2103 congnomento

123 2127 203 2191 Vult
221 2130 254 2191 et
275 2128 339 2192 filio
361 2126 465 2191 tratris
487 2126 535 2191 sui
559 2125 718 2203 Winandi,
755 2125 809 2209 qui
832 2145 944 2191 omnes
963 2127 1015 2208 Jus
1038 2145 1143 2205 suum,
1177 2128 1264 2210 quod
1287 2128 1337 2192 vel
1360 2129 1484 2193 ratione

124 2235 267 2319 pignoris
297 2234 346 2299 vel
375 2234 459 2299 teodi
488 2234 519 2298 in
551 2234 665 2299 codem
692 2253 806 2299 manso
836 2234 1028 2313 habuerunt,
1064 2235 1095 2298 in
1119 2255 1235 2300 manus
1258 2235 1363 2301 fratris
1385 2238 1485 2301 nostri

125 2341 262 2427 predicti
293 2343 426 2420 comitis,
459 2360 566 2424 aquo
593 2344 774 2416 tenuerant,
807 2343 1019 2424 resignarunt.
1063 2343 1135 2425 lpse
1159 2363 1234 2408 vero
1257 2343 1355 2407 trater
1376 2348 1485 2409 noster

128 2451 275 2533 ejusdem
300 2451 403 2514 mansi
426 2451 665 2533 proprietatem,
699 2449 873 2514 accedente
901 2450 943 2515 ad
965 2449 1026 2514 hoc
1048 2450 1135 2515 bona
1157 2450 1320 2515 voluntate
1343 2453 1485 2534 conjugis

126 2579 186 2624 sue
208 2565 240 2624 et
261 2559 446 2639 liberorum,
465 2562 532 2642 J'am
555 2560 639 2624 dicto
660 2558 856 2624 monasterio
879 2558 1049 2623 liberaliter
1066 2559 1196 2624 contulit
1215 2560 1257 2625 ad
1279 2579 1363 2639 cum,
1386 2580 1484 2644 quern

127 2670 335 2753 prediximus,
369 2689 462 2734 usum
497 2688 600 2751 usque
634 2668 666 2733 in
700 2669 797 2734 finem
832 2667 929 2733 seculi
962 2687 1219 2750 permansurum.
1264 2669 1314 2734 Ad
1345 2669 1485 2734 eundem

128 2777 352 2843 nichilominus
375 2795 468 2841 usum
492 2776 625 2841 domurn
647 2777 821 2859 quandam,
855 2795 952 2859 quam
981 2777 1097 2841 nostris
1127 2777 1239 2841 usibus
1261 2779 1354 2860 pater
1376 2781 1486 2842 noster

127 2887 203 2952 olim
237 2889 457 2970 deputaverat,
486 2888 553 2971 jam
588 2887 670 2951 dicte
703 2886 850 2952 dedimus
880 2885 1012 2951 ecclesie
1042 2886 1141 2951 libere
1162 2890 1194 2950 et
1215 2885 1373 2962 absolute,
1408 2905 1487 2950 con-

127 3013 259 3058 sensum
298 3014 391 3059 suum
431 3014 470 3057 ex
502 2995 587 3059 bona
622 2994 785 3059 voluntate
822 2994 864 3058 ad
896 2994 957 3059 hoc
995 2994 1099 3078 ipsum
1133 2993 1349 3076 prestantibus
1383 2993 1485 3058 tribus

127 3104 278 3168 iratribus
309 3103 436 3182 nostris,
466 3103 611 3168 videlicet
632 3102 751 3168 Ottone
772 3103 935 3185 preposito
957 3102 989 3166 in
1012 3101 1294 3186 Bosdincdorpe,³)
1325 3100 1483 3168 l'riderico

128 3211 245 3277 comite
275 3212 307 3275 in
338 3211 481 3292 Retberg
510 3214 543 3275 et
572 3211 760 3276 Hermanno
794 3211 947 3277 canonico
978 3210 1010 3274 in
1040 3210 1257 3287 Paderborne,
1290 3209 1422 3292 insuper
1453 3209 1486 3273 in

127 3319 214 3384 idem
236 3319 460 3384 consenciente
481 3319 625 3383 Beatrioe
647 3319 719 3384 dicti
741 3318 864 3383 comitis
886 3319 1021 3402 conjuge
1043 3321 1076 3382 et
1097 3317 1202 3382 liberis
1225 3335 1347 3395 eorum,
1381 3316 1414 3380 id
1436 3320 1486 3381 est

129 3426 291 3506 Conrado,
322 3425 452 3505 Ottone,
479 3426 632 3511 Symone,
660 3443 799 3509 quorum
821 3426 964 3490 omnium
987 3444 1052 3490 una
1074 3425 1133 3489 tuit
1153 3424 1322 3504 sententia,
1356 3427 1392 3488 ut
1413 3443 1488 3507 pre·

129 3535 214 3600 dicta
236 3538 306 3600 rata
328 3537 360 3598 et
380 3533 567 3599 inconvulsa
589 3534 621 3598 in
643 3535 836 3617 perpetuum
857 3534 1094 3616 permanerent.
1117 3531 1169 3596 Ad
1187 3534 1276 3616 cujus
1296 3531 1342 3597 rei
1362 3551 1487 3598 memo·

128 3643 210 3706 riam
233 3645 265 3706 et
287 3641 469 3706 firmitatem
492 3642 524 3705 in
547 3644 712 3723 posterum
735 3639 921 3705 habendam
941 3659 1075 3723 presens
1096 3640 1249 3723 scriptum
1269 3640 1401 3705 ecclesie
1418 3640 1487 3723 jam

128 3749 290 3832 sepedicte
312 3747 458 3814 dedimus
480 3748 586 3830 sigillis
608 3749 746 3814 duorum
768 3750 900 3815 fratrum
924 3754 1107 3816 nostrorum
1133 3753 1165 3814 et
1186 3750 1297 3814 nostro
1319 3767 1379 3831 pro
1397 3749 1487 3813 testi·

128 3856 238 3922 monio
259 3856 456 3920 roboratum.
478 3856 559 3921 Acta
581 3860 656 3921 sunt
670 3858 730 3922 hec
743 3876 830 3924 anno
846 3858 972 3924 Domini
991 3857 1284 3937 M⁰CG⁰LXX⁰III⁰,
1308 3858 1359 3923 die
1381 3857 1485 3923 sancti

130 3963 262 4029 Andree
294 3964 439 4046 apostoli,
473 3964 504 4028 iu
538 3968 642 4029 castro
665 3964 900 4048 Ridelrenberg,
933 3967 988 4031 ubi
1020 3986 1128 4032 coram
1159 3966 1254 4031 nobis
1280 3968 1313 4030 et
1335 3964 1485 4030 tratribus

132 4073 250 4137 nostris
282 4072 429 4155 predictis
459 4075 626 4154 presentes
655 4077 762 4139 erant:
796 4073 959 4139 lohannes
988 4075 1029 4139 de
1050 4074 1158 4152 Rubo,
1193 4071 1270 4137 Otto
1292 4073 1332 4138 de
1356 4073 1485 4150 Odeslo,

131 4179 298 4245 Heinricus
333 4181 374 4245 de
408 4180 533 4259 Wolde,
569 4181 730 4247 Arnoldus
763 4181 875 4260 Govot,
910 4181 1073 4246 lohannes
1107 4180 1184 4245 Hals
1218 4179 1331 4245 milites
1367 4185 1400 4244 et
1434 4179 1486 4245 alii

130 4286 249 4369 plures.
294 4287 415 4352 Domus
449 4287 601 4371 predicta,
633 4307 731 4371 quam
761 4289 802 4354 ad
833 4308 927 4354 usum
957 4289 1083 4354 luminis
1113 4288 1313 4365 contulimus,
1346 4288 1407 4353 sita
1437 4292 1487 4353 est
1570 4336 1574 4345 .

130 4396 164 4460 in
187 4395 259 4460 villa
281 4395 473 4460 Lutterbeke
482 4397 511 4482 ⁴)
543 4399 575 4460 et
604 4397 635 4461 in
665 4395 833 4478 parrochia
854 4395 1027 4461 Bekehem.
1071 4393 1209 4472 Quando
1231 4395 1321 4477 pueri
1344 4394 1384 4458 de
1407 4396 1486 4460 ltet-

130 4506 211 4586 berg
232 4503 318 4570 bona
340 4505 466 4586 prefata
487 4505 739 4585 resignaverunt,
769 4506 936 4587 presentes
959 4505 1051 4567 erant
1072 4501 1304 4567 Wichmannus
1333 4503 1486 4585 magister

132 4633 254 4693 eorum,
278 4612 476 4695 Amelungus
498 4613 539 4678 de
561 4613 680 4694 Yburg,
704 4611 891 4676 Lodewicus
913 4610 1087 4687 Bulemast,
1113 4609 1230 4675 Albero
1253 4609 1378 4676 Crevet.

240 4792 261 4858 ¹)
281 4790 353 4849 Dte.
373 4822 405 4830 -
426 4790 448 4858 ¹)
468 4789 572 4859 hernia,
590 4789 676 4860 ttrtpt.
695 4788 870 4859 litottnrtrtt.
891 4820 924 4829 —·
948 4789 970 4856 ⁸)
990 4788 1126 4860 hastati.
1155 4822 1188 4831 -
1216 4792 1240 4858 ⁴)
1258 4790 1312 4862 31¹¹
1331 4789 1421 4850 Μ).
1441 4790 1486 4848 tet

131 4876 221 4936 &tunt
240 4876 350 4935 tiedtnn
369 4876 400 4949 tlt
418 4876 481 4948 noch
500 4877 577 4947 trente
597 4876 642 4932 ter
660 4875 835 4934 cuttabrdrt
853 4875 920 4947 tileo
939 4873 1094 4944 (tssttnonss
1114 4892 1139 4932 o.
1159 4893 1183 4935 o.
1203 4878 1254 4947 θ.)
