3210 5424
771 360 838 417 12⁶3
885 318 909 417 ,⁴
1410 337 1472 404 aa?

124 519 287 585 Albardus
320 521 441 599 iratres,
475 521 526 586 filii
558 521 656 601 villici,
686 527 718 587 et
747 525 843 590 ceteri
870 523 1016 589 consules
1039 522 1315 587 Wildeshusenses
1343 527 1374 586 et
1405 524 1473 586 tota

123 628 313 693 universitas
335 630 478 712 ejusdem
500 629 632 693 civitatis
654 635 685 695 et
706 624 877 715 alii'quam
899 632 1015 715 plures.
1037 631 1118 696 Acta
1140 633 1214 695 sunt
1235 629 1301 703 hec,
1316 631 1348 694 in
1370 630 1468 695 choro

127 737 397 804 Wildeshusensis
420 740 550 804 ecclesie
572 758 658 804 anno
681 739 806 804 Domini
828 739 1003 806 M⁰CC⁰LX
1025 742 1149 819 octavo,
1171 739 1203 802 in
1225 738 1364 804 crastino
1386 737 1473 802 beati

126 847 257 912 Andree
279 849 424 930 apostoli,
448 868 557 914 coram
581 848 698 914 multis.

126 1306 206 1376 388.
228 1345 269 1357 —
293 1309 389 1391 1268,
411 1310 578 1397 aegeam
601 1312 629 1383 1.

297 1442 361 1509 lbet
393 1443 532 1528 e'tmittte
562 1445 677 1528 diliebat
699 1445 849 1513 attactum
872 1464 930 1513 oon
952 1446 1123 1515 Danobtid
1155 1445 1304 1526 betuabet,
1336 1443 1393 1522 bola
1422 1444 1473 1510 bet

298 1549 427 1632 litlebec
449 1554 500 1620 ber
522 1553 640 1633 tapete
662 1556 722 1620 aab
746 1555 797 1619 bet
813 1555 920 1621 ttttota
942 1556 993 1622 bet
1010 1556 1171 1640 &anglena
1190 1555 1298 1622 litorio
1320 1555 1362 1620 im
1381 1553 1475 1631 ibam

298 1661 425 1728 antbert
454 1680 512 1728 oon
535 1661 716 1745 sittetttagen,
745 1663 800 1728 boa
824 1662 1057 1731 Halmius-debe
1080 1664 1111 1730 in
1134 1663 1216 1746 tiata
1239 1662 1316 1740 nebit
1337 1661 1474 1746 ssubebtir

298 1790 355 1838 oon
388 1771 634 1855 liciatorium
664 1769 770 1848 ‘Bellen
798 1770 911 1854 getoutt
938 1773 1009 1854 tabe
1042 1774 1103 1839 aab
1138 1773 1291 1856 biturigi
1323 1771 1390 1853 aad
1422 1770 1475 1836 bea

297 1881 437 1959 betleem
456 1877 584 1961 beraldi
605 1878 854 1963 bastigentium
875 1880 1067 1961 jerebatha
1089 1882 1139 1947 bet
1162 1885 1331 1965 genonaten
1354 1877 1475 1962 amere

297 2007 348 2071 gut
371 1985 573 2070 bagulatum
595 1986 680 2068 burel)
703 1988 757 2054 ben
778 1986 941 2073 jemeitigen
963 1987 1101 2072 {lababat
1124 1990 1176 2056 bea
1198 1988 1317 2056 littora.

394 2119 538 2192 Dtigiaot:
559 2119 729 2190 momordic.

254 2238 442 2303 Widekinus
463 2237 521 2301 Dei
542 2239 645 2320 gratia
666 2239 920 2322 osnaburgensis
942 2241 1072 2308 ecclesie
1095 2242 1223 2307 electus.
1259 2238 1417 2304 Omnibus
1441 2238 1472 2301 in

98 2432 99 2436 Ἰ
128 2351 320 2430 perpetuum
350 2351 463 2411 notum
494 2366 564 2412 esse
594 2348 749 2430 cupimus,
783 2349 870 2431 quod
900 2350 1070 2415 bulbertus
1096 2350 1198 2414 dictus
1228 2347 1268 2411 de
1292 2346 1473 2426 Mellingen,

128 2456 278 2519 sacerdos
300 2455 419 2537 capelle
442 2458 473 2518 et
495 2454 602 2519 altaris
623 2455 717 2520 beate
738 2457 835 2522 Marte
858 2458 984 2541 virginis
1012 2459 1044 2523 in
1066 2457 1178 2541 majori
1200 2454 1331 2521 ecelesia
1353 2456 1473 2532 nostra,

125 2564 213 2644 justo
243 2562 342 2646 tytulo
372 2563 539 2645 emptionis
562 2551 638 2627 emit
659 2583 678 2628 a
700 2566 889 2649 Burghardo
911 2567 995 2633 dicto
1017 2567 1057 2631 de
1079 2567 1197 2631 Besten
1219 2583 1318 2629 unam
1340 2564 1472 2629 domum

130 2673 162 2735 in
194 2670 266 2735 villa
299 2670 438 2755 wesen)
471 2691 534 2753 que
566 2674 697 2736 vocatur
729 2673 880 2753 Hulshus‚
916 2694 988 2741 cum
1023 2675 1171 2740 omnibus
1204 2672 1377 2739 attinentiis
1410 2670 1475 2735 suis

129 2780 273 2844 videlicet
295 2779 488 2859 nemoribus
520 2781 628 2863 pratis,
661 2781 744 2862 agris
766 2784 797 2845 et
819 2784 954 2866 pascuis,
988 2784 1174 2866 integralem
1198 2783 1354 2848 decimam
1376 2780 1471 2846 trium

130 2889 298 2953 domorum
334 2892 365 2951 et
394 2889 487 2979 unitis
516 2909 589 2953 ease
619 2891 649 2953 io
678 2890 792 2955 eadem
815 2891 888 2957 villa
910 2892 1142 2976 prenominata.
1187 2891 1292 2978 Quam
1315 2889 1472 2955 decimam

130 2997 233 3062 dictus
256 2996 470 3078 Burghardus,
506 3017 586 3062 uxor
615 3018 674 3062 sua
703 2998 759 3064 Ida
788 3018 826 3065 ac
855 3021 968 3066 omnes
990 2984 1299 3083 beredesipsorum,
1333 2997 1476 3063 videlicet

129 3105 343 3183 Hermannus,
377 3104 573 3169 Brunstenus
596 3108 625 3168 et
648 3105 838 3191 Heilewigis,
868 3108 900 3172 in
922 3127 1037 3173 manus
1059 3111 1184 3174 nostras
1206 3107 1304 3172 tibere
1330 3105 1475 3188 resigna·

130 3218 254 3279 verunt.
297 3214 374 3280 Post
407 3234 542 3296 quorum
575 3215 708 3280 liberam
742 3215 987 3299 resignationem
1027 3237 1086 3282 nos
1118 3217 1343 3301 proprietatem
1377 3215 1475 3298 ipsius

129 3324 252 3390 decime
275 3325 316 3389 ad
339 3326 521 3389 instantiam
537 3324 664 3408 capituli
680 3325 778 3389 nostri
797 3326 925 3409 majoris
943 3327 1134 3391 contulimus
1152 3324 1273 3409 capelle
1289 3327 1476 3402 memorate,

130 3435 172 3498 ita
195 3437 303 3498 tamen
327 3437 361 3497 ut
383 3433 532 3498 sacerdos
554 3433 658 3497 eidem
681 3433 801 3516 capelle
823 3437 854 3498 el
876 3433 966 3498 attari
988 3434 1169 3499 deserviens
1192 3433 1368 3518 predictam
1391 3432 1477 3498 deci·

130 3561 217 3606 mam
240 3545 273 3606 et
294 3543 426 3607 domum
449 3559 522 3604 cum
545 3543 631 3605 omni
653 3541 831 3623 integritate
860 3541 1021 3624 pensionis
1044 3534 1101 3606 seu
1123 3542 1282 3607 fructuum
1303 3541 1423 3606 habeat
1445 3542 1477 3605 et

129 3651 171 3715 ad
194 3650 463 3741 sustentacionem
496 3668 587 3712 suam
622 3648 719 3713 libere
751 3652 906 3732 perpetuo
936 3650 1106 3732 possideat.
1152 3649 1187 3714 In
1210 3650 1299 3733 cujus
1321 3649 1365 3714 rei
1387 3648 1476 3714 testi·

131 3761 275 3824 monium
298 3763 329 3823 et
350 3757 447 3822 robur
468 3761 658 3840 perpetuum
681 3760 863 3840 presentem
885 3757 1022 3823 litteram
1045 3760 1154 3823 nostro
1177 3760 1208 3822 et
1228 3756 1355 3840 capituti
1377 3758 1477 3822 nostri

131 3867 259 3950 majoris
292 3866 396 3948 sigillis
429 3864 575 3930 dedimus
608 3867 836 3949 consignatam.
881 3867 994 3930 Actum
1026 3870 1058 3931 et
1091 3867 1203 3931 datum
1233 3884 1320 3931 anno
1350 3864 1477 3931 Domini

130 3975 397 4052 M⁰CC⁰LXVIlI⁰,
430 3975 461 4038 in
492 3975 628 4038 crastino
657 3975 756 4039 sancti
778 3975 906 4039 Andree
929 3973 1073 4058 apostoli.
1118 3968 1199 4038 Huic
1220 3973 1424 4054 resignationi
1444 3976 1477 4037 et
1590 3980 1604 4013 ⁰

133 4085 295 4151 donationi
332 4086 496 4165 presentes
534 4086 624 4146 erant
657 4083 812 4165 Lutgerus
843 4085 1032 4166 prepositus,
1072 4082 1291 4146 Bertrammus
1324 4081 1475 4161 decanus,

133 4195 327 4271 alrammus,
361 4192 556 4269 Helmoldus,
590 4191 749 4268 Gerlacus,
783 4191 960 4269 Comedus,
994 4188 1205 4268 Everbardus,
1234 4188 1380 4254 Hinricus
1402 4208 1475 4271 pre-

131 4302 262 4384 positus,
295 4300 439 4365 Hinricus
461 4299 501 4363 de
523 4298 640 4377 Monte,
671 4300 841 4364 Lutbertus
863 4298 990 4381 Vulpes,
1018 4297 1122 4380 Hug0,
1154 4297 1332 4375 Rotandus‚
1358 4296 1477 4362 Thide·

131 4411 214 4475 ricus
244 4409 316 4473 Flos
348 4407 505 4484 canonici;
538 4406 700 4471 lohannes
722 4406 821 4471 Ursus
848 4409 880 4470 et
901 4406 994 4488 Hugo
1016 4404 1114 4470 frater
1135 4425 1222 4485 suus,
1255 4404 1476 4490 Wilbkinus')

134 4518 256 4601 dapifer
277 4522 394 4594 noster,
424 4514 626 4579 Everhardus
649 4515 689 4577 de
712 4513 941 4596 Varenthorpe,
968 4513 1173 4578 Hermannus
1196 4515 1236 4579 de
1259 4512 1476 4595 Glosinghem,

135 4626 297 4690 lohannes
319 4625 441 4708 Hyrcus
464 4628 495 4687 et
518 4624 624 4704 plures
646 4623 707 4687 alii.

242 4808 262 4872 ¹)
282 4805 367 4874 bleba,
386 4804 471 4873 ttrtpt.
491 4801 658 4872 bathemen.
679 4833 711 4842 -
732 4801 754 4870 ’)
773 4806 828 4857 bon
846 4800 978 4872 timbetg,
996 4801 1050 4870 egl.
1071 4800 1130 4857 titt.
1151 4801 1372 4870 matritum.

261 4972 351 5040 ttrite
374 4971 481 5055 &teget
504 4987 561 5036 oon
584 4972 638 5036 ben
661 4965 960 5054 bergomenttreifm
982 4967 1155 5053 obgeloilen.
