3210 5424
791 351 858 407 rese
1434 328 1494 395 149

147 510 222 582 ros.
243 551 287 564 -
309 513 498 589 ornantur.
521 516 605 588 rane
626 491 748 601 (rasel,
770 515 915 598 norrun
937 516 988 586 re.

314 648 379 716 uec
411 647 550 733 eruditu
578 648 694 730 illidet
723 648 882 717 ualterio
910 647 1062 726 teltimmt,
1090 644 1147 725 toi
1176 647 1222 713 bie
1252 644 1410 725 uintuulu
1440 645 1491 713 ber

314 774 373 824 oon
406 757 466 840 itur
500 757 551 839 tut
583 760 640 825 bat
672 757 786 838 ltloltet
813 755 1022 840 deturpantur
1055 757 1088 822 in
1118 754 1268 839 nutriretur
1300 754 1491 821 etuotteuen

314 867 548 949 ditaturum
579 866 827 952 &durissimae
859 864 1004 948 peludru,
1038 864 1210 948 erinperto
1241 863 1274 930 in
1305 861 1489 945 Deuohrttd,

312 980 372 1044 unt
402 976 494 1059 bellur
525 977 630 1057 linter,
663 978 727 1044 bem
756 976 857 1044 illittet
885 975 1012 1060 Solam
1040 991 1099 1041 oon
1121 971 1308 1058 paretonii,
1342 971 1396 1055 aul
1425 971 1489 1056 iure

310 1086 477 1171 deleuerat
499 1087 629 1172 putetur
651 1084 749 1167 tollen.

407 1219 550 1291 Driptrrctz
569 1218 763 1290 &tacteurdtu
776 1216 909 1290 fflluullec
928 1217 1025 1276 titud:
1045 1215 1137 1289 gutte,
1148 1213 1191 1273 au.
1206 1213 1288 1273 ueu.
1302 1214 1350 1283 IV,
1363 1213 1413 1270 ilc.
1427 1216 1487 1271 779.

267 1337 469 1404 Baldewinus
491 1336 548 1403 Dei
569 1337 670 1420 gratia
692 1335 810 1401 electus
832 1335 962 1401 ecclesie
983 1333 1238 1416 0snaburgensis
1261 1336 1293 1397 el
1314 1332 1488 1416 capitulum

137 1446 258 1511 ibidem
286 1445 445 1510 universis
477 1444 539 1510 hoe
571 1446 722 1529 scriptum
754 1444 907 1511 audituris
945 1443 1081 1508 salutem
1113 1443 1145 1507 in
1178 1440 1325 1507 Domino.
1369 1440 1488 1509 Notum

137 1555 272 1619 tacimus
293 1555 457 1634 universis,
489 1553 576 1637 quod
607 1573 666 1620 nos
696 1553 815 1618 electus
842 1552 1041 1618 usufructum
1068 1552 1227 1617 honorum
1257 1551 1290 1616 in
1312 1551 1487 1636 Holzheym

137 1660 284 1728 videlicet
311 1681 368 1727 sex
389 1681 530 1739 mansos,
562 1681 643 1745 quos
672 1662 926 1744 comparavimus
956 1659 1150 1727 monasterio
1171 1660 1203 1724 in
1225 1658 1488 1726 Hersethehusen

135 1770 179 1836 ad
210 1772 440 1854 proprietatem
471 1775 660 1855 perpetuam
696 1789 756 1852 pro
792 1769 936 1835 remedio
969 1768 1076 1834 anime
1112 1771 1222 1833 nostre
1253 1769 1485 1851 assignavimus

135 1877 268 1944 Hierico
298 1877 361 1945 lilio
390 1878 506 1945 sororis
536 1883 645 1944 nostre
674 1877 827 1944 canonico
854 1876 984 1960 majoris
1011 1875 1141 1943 ecclesie
1163 1882 1271 1943 nostre
1293 1881 1325 1941 et
1347 1876 1484 1942 iohanni

135 1986 226 2051 militi
247 1988 330 2071 patri
352 2006 410 2052 suo
431 1987 515 2053 dicto
537 1986 578 2051 de
599 1970 807 2051 Paderburrie
833 1984 1031 2067 temporibus
1059 1984 1121 2050 vite
1143 1986 1285 2068 ipsorum
1307 1989 1339 2051 et
1359 1984 1421 2050 hoc
1443 1984 1484 2050 de

134 2096 224 2161 bona
245 2096 408 2163 voluntate
430 2099 462 2161 et
483 2113 642 2160 consensu
671 2092 797 2159 abbatis
827 2095 859 2156 et
885 2096 1061 2158 conventus
1090 2092 1274 2158 monasterii
1295 2094 1483 2177 supradicti;

133 2204 198 2270 hoc
219 2205 355 2290 adjecto,
378 2206 475 2290 quod,
497 2205 522 2269 si
544 2222 603 2287 per
624 2202 768 2268 incendia
783 2201 834 2267 vel
849 2201 978 2284 rapinas
994 2201 1043 2266 rel
1059 2200 1138 2267 alios
1154 2203 1328 2269 contrarios
1350 2207 1483 2269 eventus

133 2314 204 2397 ipsa
221 2314 308 2380 bona
323 2318 449 2380 vastata
469 2313 594 2393 luerint,
615 2331 681 2378 non
703 2311 796 2377 cedet
816 2310 848 2375 in
869 2310 1046 2391 dampnum
1068 2311 1250 2374 monasterii
1272 2330 1332 2376 nec
1350 2312 1483 2395 predicti

132 2420 282 2488 Hinricus
312 2425 345 2487 et
370 2424 463 2506 pater
491 2440 567 2487 suus
597 2423 775 2486 restaumm
805 2419 876 2484 talis
904 2417 1036 2500 dampni
1066 2436 1086 2482 a
1117 2418 1310 2484 monasterio
1331 2424 1482 2504 potemut

133 2533 336 2614 extorquere.
378 2532 457 2596 ltem
494 2534 567 2615 post
604 2529 727 2596 obitum
764 2527 977 2610 predictomm
1011 2527 1095 2594 dicta
1126 2526 1213 2593 bona
1245 2527 1288 2593 ad
1319 2531 1479 2612 prelatum

126 2638 364 2725 ‘monasterium
390 2639 535 2704 absolute
565 2641 596 2702 et
622 2637 720 2702 libere
747 2638 954 2703 revertantur.
997 2636 1078 2700 ltem
1109 2637 1269 2719 adJectum
1292 2643 1350 2718 est,
1382 2641 1480 2723 quod,

132 2747 159 2810 si
180 2747 254 2813 dicti
272 2747 418 2813 Hinricus
441 2751 472 2812 et
492 2750 585 2831 pater
605 2765 682 2812 suus
704 2749 779 2810 ante
800 2745 916 2810 festum
935 2742 1117 2809 Michahelis
1134 2742 1336 2827 decesserint,
1359 2749 1479 2816 fructus

131 2856 213 2921 illius
233 2855 310 2922 anni
331 2857 525 2922 monasterio
546 2854 768 2921 remanebunt.
806 2852 839 2918 Si
862 2871 938 2917 vero
959 2855 1033 2935 post
1055 2851 1172 2917 dictum
1194 2855 1310 2921 festum
1332 2857 1478 2940 obierint,

132 2966 282 3050 quicquid
320 2965 360 3031 de
397 2965 549 3031 fructibus
585 2965 666 3030 illius
703 2965 777 3030 anni
810 2963 1025 3030 ordinaverint
1060 2967 1165 3028 ratum
1203 2966 1270 3031 erit.
1315 2967 1351 3032 ln
1389 2969 1479 3051 cujus

131 3076 178 3141 rei
209 3075 426 3140 testimonium
460 3077 492 3139 et
523 3073 620 3139 fidem
652 3091 786 3158 presens
818 3072 969 3154 scriptum
1006 3076 1116 3138 nostro
1154 3075 1186 3136 et
1220 3073 1346 3156 capituli
1378 3076 1479 3139 nostri

132 3183 238 3266 sigillis
259 3182 391 3247 fecimus
412 3180 611 3247 communiri.
654 3180 771 3246 Datum
802 3184 834 3246 et
858 3184 965 3246 actum
987 3179 1213 3264 Osenhrugge3
1242 3200 1328 3247 anno
1351 3181 1478 3248 Domini

131 3289 390 3358 uccummu.
413 3289 473 3355 ΧΙο
494 3289 654 3355 Kalendas
677 3289 795 3355 Marcii.

256 3397 349 3467 iletre
371 3398 477 3483 steret
499 3416 557 3466 oon
579 3397 878 3484 pergamenarum
900 3397 1074 3483 aboriatur.

129 3811 200 3881 210.
222 3851 262 3863 -
285 3813 370 3885 1259
390 3813 512 3900 (1258),
534 3811 629 3899 uren
652 3812 703 3884 le

299 3943 407 4030 lltopit
437 3942 578 4027 titilletur
610 3962 669 4012 oon
701 3944 757 4012 tet.
788 3944 914 4029 Selour
946 3946 979 4012 in
1009 3945 1181 4015 Denabrttd
1215 3949 1352 4019 tetunbet
1384 3958 1473 4022 untes

272 4052 548 4137 'illitteiupetunql
569 4052 654 4134 hurd)
676 4052 731 4121 beu
753 4052 914 4137 etututten
936 4053 1052 4137 illidet
1074 4055 1231 4124 linteamin
1254 4059 1299 4126 bie
1330 4078 1388 4127 rou
1410 4062 1472 4145 itur

298 4161 455 4247 pettoiieue
488 4160 698 4246 tintldciburrg
730 4161 937 4245 ueridiebeuet
972 4163 1196 4248 &treitiptcitcrr
1228 4166 1359 4251 putidas
1394 4169 1470 4237 litt:

298 4271 429 4357 ptieberu
459 4269 554 4351 trinea
579 4269 727 4353 canitur,
755 4268 910 4350 teloubett
941 4269 1012 4339 ittet
1042 4274 1087 4341 nie
1117 4274 1274 4355 uinttrrite
1303 4278 1354 4343 bct
1383 4276 1471 4363 uode

296 4379 405 4459 attare,
434 4379 568 4462 radbert
597 4380 653 4446 baa
684 4379 803 4460 capitu
833 4378 882 4463 iul)
913 4379 1007 4461 temet
1029 4380 1240 4469 tutioribunp
1267 4387 1470 4471 uutcruorlen

294 4488 382 4573 tutte.
1016 4537 1018 4541 ν

392 4617 522 4690 attilium
541 4618 588 4675 ted
608 4621 649 4676 14.
668 4619 770 4693 &atrro
789 4623 818 4678 trr
836 4621 906 4693 illle.
924 4623 986 4689 201,
1003 4626 1046 4679 63.

253 4739 471 4806 willehelmus
492 4739 549 4804 Dei
571 4741 676 4823 gracia
698 4743 877 4825 prepositus
900 4744 1029 4810 ecclesie
1051 4746 1152 4810 sancti
1173 4745 1326 4815 iohannis
1349 4751 1468 4820 0snab.

121 4850 280 4916 universis
302 4849 417 4916 Christi
443 4848 590 4914 lidelibus
621 4849 664 4915 ad
693 4870 774 4934 quos
803 4870 937 4934 presens
965 4852 1118 4937 scriptum
1149 4858 1330 4939 pervenerit
1355 4866 1469 4928 notum

122 4975 197 5024 esse
217 4958 373 5040 cupimus,
396 4958 483 5041 quod
505 4958 579 5022 olim
601 4962 733 5024 vacante
755 4958 899 5025 custodia
915 4961 1047 5028 ecclesie
1061 4965 1161 5031 sancti
1177 4964 1332 5034 iohannis
1349 4968 1469 5039 0snab.
