3210 5424
711 346 778 400 rara
1353 329 1416 394 453

67 508 214 571 volumus
246 511 355 572 tamen
391 512 423 571 et
455 507 656 585 mandamus,
690 511 725 572 ut
757 508 869 590 peticio
900 507 986 572 beati
1014 507 1169 572 lobannis
1201 509 1233 571 in
1267 509 1416 574 omnibus

67 615 318 680 dedicationibus
347 616 377 679 in
408 635 467 679 suo
497 617 613 680 robore
645 619 832 698 permaneat
854 619 886 680 et
907 615 1032 681 effectu.
1076 615 1285 680 Devotiouem
1307 617 1415 699 itaque

67 726 205 786 vestram
229 722 402 787 affectuose
423 742 573 804 rogamus
594 725 626 787 in
649 721 869 789 remissionem
888 722 1107 806 peccaminum
1124 726 1303 788 vestrorum
1324 725 1415 789 vobis

66 831 278 913 injungentes,
309 829 456 911 quatinus
478 834 587 894 eterne
608 830 832 908 retributionis,
863 849 994 912 precum
1018 833 1197 895 nostrarum
1221 831 1413 914 capitulique

66 937 164 1002 nostri
186 937 300 1002 intuitu
324 938 529 1018 voluntatem,
553 958 650 1022 quam
672 939 827 1004 hactenus
849 939 890 1003 ad
913 939 1029 1004 dictam
1046 938 1212 1005 ecclesiam
1230 959 1303 1004 cum
1326 943 1414 1005 omni

67 1049 174 1113 lavore
197 1046 362 1124 habuistis,
395 1047 437 1112 ad
465 1048 588 1112 felicem
616 1052 649 1112 et
675 1049 797 1112 bonurn
827 1047 1008 1129 perducatis
1040 1047 1196 1125 effectum,
1229 1048 1334 1130 ipsum
1357 1069 1414 1114 ne-

66 1158 185 1237 gotium
209 1155 240 1218 in
262 1155 352 1218 dictis
374 1154 671 1237 sollempnitatibus
702 1157 792 1221 sicuti
814 1159 918 1220 vestre
940 1155 1109 1219 sinceritati
1130 1155 1308 1235 confiditur,
1340 1177 1415 1240 pro·

68 1265 232 1327 moventes
263 1261 397 1325 fideliter
427 1264 458 1324 et
489 1262 612 1327 devote.
656 1263 702 1328 lta
734 1263 879 1328 videlicet
905 1282 970 1327 nou
1001 1263 1104 1327 solum
1126 1267 1233 1327 vestra
1255 1267 1414 1347 promotio

65 1370 123 1434 sed
154 1369 254 1451 magis
285 1374 392 1433 vestra
422 1370 550 1434 devotio
579 1390 619 1434 ex
646 1390 685 1435 eo
716 1370 814 1453 possit
837 1370 868 1433 in
891 1369 1028 1434 Domino
1050 1369 1163 1433 merito
1185 1371 1414 1434 commendari.

65 1477 254 1559 Quicunque
288 1497 363 1542 vero
396 1496 479 1542 ausu
510 1479 680 1543 temerario
713 1478 745 1541 in
773 1479 862 1542 dictis
893 1476 1075 1541 elemosinis
1097 1477 1283 1542 divisionem
1306 1478 1415 1544 fecerit

65 1586 176 1649 nuntio
197 1586 282 1650 beati
303 1585 457 1650 iohannis
480 1586 640 1650 nesciente
661 1590 718 1650 aut
740 1586 847 1662 invito,
879 1587 910 1649 in
939 1586 1044 1667 ipsum
1067 1587 1261 1650 sentenciam
1286 1607 1416 1652 excom-

66 1694 295 1772 municationis,
329 1712 426 1776 quam
452 1695 537 1777 juste
568 1697 716 1772 meretur,
739 1693 869 1756 ferimus
891 1713 948 1776 per
970 1697 1145 1775 presentes,
1178 1694 1413 1759 absolutionem

65 1820 176 1865 eorum
198 1804 327 1883 propter
349 1805 470 1865 tantam
494 1800 741 1866 inobedientiam
764 1804 795 1864 et
817 1804 1036 1883 contemptum
1065 1801 1156 1865 nobis
1178 1805 1234 1866 aut
1257 1802 1306 1866 cui
1328 1804 1412 1867 vices

63 1912 188 1971 nostras
211 1907 428 1972 commisimus
448 1911 647 1971 reservantes
668 1925 705 1971 ac
724 1907 825 1989 ipsam
849 1907 1013 1972 ecclesiam
1030 1927 1087 1990 per
1105 1913 1271 1990 presentes
1294 1909 1412 1974 litteras

64 2016 274 2080 ecclesiastico
307 2014 515 2096 subponimus
549 2015 725 2080 interdicto.
768 2015 901 2079 Summa
935 2015 1129 2096 indulgentie
1162 2016 1293 2081 ecclesie
1326 2016 1412 2082 beati

64 2123 217 2186 Johannis
239 2121 493 2203 Osnaburgensis
526 2140 628 2203 usque
661 2123 703 2186 ad
735 2123 1043 2187 consummationem
1075 2123 1180 2205 operis
1208 2125 1307 2205 ipsius
1333 2144 1410 2189 con-

64 2248 154 2293 cessa
184 2230 326 2311 apapis,
359 2229 580 2306 cardinalibus,
614 2229 857 2312 archiepiscopis
884 2235 915 2295 ct
946 2232 1110 2315 episcopis,
1143 2253 1280 2316 quorum
1308 2234 1409 2299 littere

63 2337 195 2419 sigillate
217 2339 248 2401 in
271 2339 339 2420 ipsa
361 2337 492 2402 ecclesia
514 2336 713 2422 bab(en)tur,
741 2338 801 2402 hec
822 2342 887 2402 est:
918 2338 1064 2415 Quatuor
1085 2340 1170 2416 anni,
1202 2361 1259 2405 sex
1280 2343 1409 2422 karene,

62 2444 301 2508 confraternitas
335 2445 514 2526 quindecim
548 2445 768 2510 claustrorum.
812 2444 851 2508 Et
882 2445 966 2510 hanc
997 2446 1227 2528 indulgendam
1261 2449 1408 2514 dominus

60 2551 228 2633 episcopus
245 2550 501 2633 osnaburgensis
517 2553 549 2615 in
565 2571 623 2616 sua
639 2553 766 2635 dyocesi
783 2553 848 2616 suis
865 2552 975 2617 litteris
991 2553 1190 2619 confirmavit
1207 2559 1408 2638 presentibus

59 2661 132 2740 post
149 2677 269 2722 annum
288 2659 418 2723 minime
433 2659 583 2725 valituris.
605 2660 720 2725 Datum
738 2680 823 2725 anno
840 2661 967 2726 Domini
984 2660 1283 2742 u⁰cu⁰uxxvu1⁰,
1305 2665 1407 2746 vigilia

57 2764 142 2828 beati
165 2765 294 2828 Andree
316 2765 461 2846 apostoli.

184 2895 253 2963 tion
276 2896 326 2963 bec
349 2896 541 2981 Μιθράνης
563 2897 624 2976 inb
648 2915 707 2964 nuc
728 2898 775 2965 bic
797 2898 900 2982 cotton
922 2899 1127 2983 &etbenltben
1151 2902 1293 2987 etbotten.

56 3265 132 3333 6³9.
155 3305 195 3316 -
217 3267 409 3350 btnctrtd,
432 3269 528 3350 rata,
551 3270 725 3343 ltotvoda
746 3272 802 3342 29.

222 3401 288 3467 §Det
310 3401 454 3482 antiton
476 3402 627 3486 bombat
649 3402 826 3487 fflogneciut
849 3405 889 3466 de
912 3403 987 3469 Orio
1014 3405 1182 3491 beldetnigt
1204 3409 1254 3475 bet
1276 3399 1405 3492 titvlvm

224 3527 283 3575 oon
306 3509 508 3593 &concubant
537 3510 587 3576 ott
611 3509 777 3593 pdpdttcbec
800 3511 954 3592 ltollettot,
984 3512 1042 3592 bob
1072 3514 1127 3581 boa
1150 3515 1264 3595 titolo
1284 3520 1404 3603 iibrttd

223 3618 286 3683 cine
309 3616 402 3682 litori
422 3635 457 3700 gn
478 3618 580 3700 putten
602 3619 684 3703 bobo.

319 3745 451 3817 tibicinii
469 3749 528 3816 (um
547 3749 628 3817 1500)
647 3751 676 3807 ln
694 3749 764 3821 litio.
783 3753 807 3820 1,
824 3753 858 3807 97
878 3751 915 3808 Θ.
935 3753 952 3807 6
971 3751 1018 3809 bed
1038 3754 1252 3827 &tcotdotcbind
1268 3758 1401 3832 litantur.

319 3832 416 3890 utun:
436 3833 635 3906 glareantus.
655 3837 737 3896 11³8.
757 3840 782 3893 V
801 3838 850 3895 vir.
871 3840 931 3894 714.

178 3949 415 4035 Rayneruus(t)
438 3950 478 4014 de
502 3950 578 4015 Orio
596 3952 778 4018 Leodieusis
799 3957 971 4022 canonicus
992 3977 1029 4022 ac
1052 3963 1232 4043 prepositus
1249 3965 1399 4047 Clavaxii‚

52 4057 246 4121 decimarum
271 4058 419 4122 collector
441 4060 471 4123 in
496 4059 687 4140 Coloniensi,
708 4061 873 4127 Bremensi
896 4069 928 4129 et
945 4066 1211 4152 Magdeburgensi
1232 4077 1400 4155 provinciis

51 4181 89 4225 ac
111 4164 237 4246 dyocesi
261 4165 441 4231 Coloniensi
451 4166 478 4251 ¹)
508 4187 568 4250 per
599 4169 710 4233 sedem
738 4171 945 4253 apostolicam
968 4176 1150 4257 deputatus,
1185 4180 1345 4248 abbatisse
1368 4185 1399 4249 iu

51 4268 267 4337 Gravenhorst
289 4275 425 4339 salutem
448 4276 480 4339 in
500 4274 647 4341 Domino.
670 4277 722 4343 Ad
742 4280 885 4365 preces¹)
907 4282 1027 4347 domini
1043 4283 1264 4373 B(ertrammi)
1287 4289 1399 4357 decani

51 4373 307 4458 Osnaburgensis
328 4385 360 4445 et
383 4382 503 4446 domini
525 4384 683 4449 Lodewici
704 4389 855 4469 prepositi
878 4390 978 4455 sancti
994 4391 1149 4458 iohannis
1172 4396 1316 4479 ejusdem
1338 4400 1398 4466 loci

50 4483 82 4543 et
115 4483 290 4548 eorundem
323 4487 417 4552 fidele
450 4489 624 4570 consilium,
658 4511 731 4558 cum
761 4497 990 4561 monasterium
1024 4503 1165 4565 vestrum
1198 4504 1238 4568 sit
1271 4508 1397 4574 novella

47 4586 201 4669 plantatio
224 4590 265 4653 ad
287 4592 386 4657 instar
407 4599 588 4663 monasterii
605 4601 645 4664 de
661 4599 927 4687 Berssenbrucgc,
950 4608 1038 4689 quod
1060 4610 1161 4675 multo
1183 4611 1282 4677 dicius
1306 4615 1396 4681 vobis

47 4700 105 4774 est,
139 4698 225 4778 quod
257 4699 437 4781 quindecim
464 4704 582 4771 solidos
609 4710 774 4776 annuatim
802 4713 895 4777 solvit
915 4733 974 4796 pro
997 4714 1130 4794 decima,
1164 4717 1319 4786 hactenus
1341 4742 1395 4789 ac-

46 4804 243 4885 ceptavimus
266 4811 298 4870 et
319 4812 523 4890 acceptamus
545 4832 643 4879 unam
666 4835 806 4883 maroam
828 4822 921 4884 annis
943 4823 1072 4905 singulis
1094 4828 1127 4888 et
1141 4824 1202 4891 hoc
1221 4832 1395 4895 successori

44 4915 165 4991 nostro,
189 4914 214 4978 si
237 4935 334 4999 quem
357 4935 397 4980 ex
418 4919 598 5000 provisione
620 4921 678 4988 Dei
699 4927 731 4989 et
752 4926 955 4993 ordinacione
977 4931 1061 4995 sedis
1083 4933 1256 5014 apostolice
1281 4955 1393 5003 sumus
