3210 5424
736 406 802 461 1253
1397 393 1435 456 51

123 565 299 633 Hermannus
321 571 353 633 et
374 567 572 652 Thydericus
604 589 681 634 suus
712 569 793 634 filius
822 569 935 651 sange,
965 568 1118 635 Ludolfus
1147 570 1304 652 plebanus
1325 569 1366 634 de
1387 570 1441 635 Di·

124 675 218 759 lingen.
247 677 361 742 Datum
383 679 415 742 in
437 677 569 761 Mynda;
592 697 677 743 anno
706 678 831 743 Domini
853 677 1072 755 M⁰.CG⁰L⁰ll;
1094 679 1125 742 in
1148 679 1250 761 vigilia
1270 679 1441 744 nativitatis

124 785 235 851 Domini.

226 895 279 962 llrn
301 895 503 978 &reuelante
526 896 701 983 ontrtiuoent
724 916 764 965 on
787 897 891 981 antbert
908 897 1113 979 &eibentdben
1134 897 1202 977 tted
1225 898 1277 965 bea
1295 899 1441 983 titionis:

127 1003 210 1088 tropus
227 1005 336 1090 (dett.
359 1005 467 1091 &teoet
489 1007 541 1085 53,
564 1007 612 1092 9).

130 1374 175 1442 64.
190 1413 223 1424 -
242 1378 331 1449 1253.

264 1519 329 1586 lter
357 1519 496 1603 uudttte
518 1518 634 1603 illidat
656 1519 765 1588 amm
794 1519 967 1604 entlrlrdbisst
994 1520 1050 1587 bon
1072 1519 1262 1602 nomenato
1283 1539 1317 1605 pr
1339 1519 1442 1588 Dana:

265 1628 344 1695 bald
370 1627 421 1711 [dt
448 1629 503 1696 ben
526 1628 674 1713 &doben
705 1628 826 1711 melden
855 1627 987 1707 tottetbe
1017 1630 1103 1712 hurd
1130 1630 1175 1698 bie
1203 1631 1362 1715 unressunq
1391 1631 1442 1698 bet

265 1755 360 1805 neuen
393 1738 502 1823 titillo
539 1739 599 1806 unt
640 1739 695 1804 boa
736 1737 820 1821 butu
853 1738 973 1821 tielette
1004 1739 1178 1818 oerontonte
1210 1739 1360 1824 diogenen
1393 1741 1444 1806 ter

263 1846 481 1933 saraguntat
504 1846 613 1932 litante
635 1847 754 1915 ertilten
776 1848 837 1933 pot,
859 1848 914 1915 ruit
937 1846 1255 1933 &argentomacum

362 1979 505 2052 Dtlfllnol:
526 1980 697 2052 memorale.

224 2097 328 2164 Bruno
358 2099 417 2165 Dei
445 2101 547 2182 gratia
575 2100 832 2181 Osnaburgensis
864 2101 983 2164 electus
1013 2097 1249 2164 suecessoribus
1279 2099 1344 2164 suis
1376 2100 1442 2183 epi-

129 2200 225 2287 srhopis
245 2207 402 2290 simulque
423 2213 606 2292 presentem
635 2210 787 2292 paginam
812 2210 1001 2292 inspecturis
1023 2208 1189 2290 utriusque
1211 2209 1274 2272 vile
1296 2208 1442 2276 salutern.

130 2307 234 2380 (lumin
255 2316 385 2382 eeclesia
399 2317 638 2400 Osnaburgensi
656 2319 699 2383 ad
716 2318 857 2400 regimen
877 2315 1089 2400 epyschopale
1111 2317 1265 2399 assumpti
1289 2334 1442 2398 essemus,

128 2417 359 2489 tarentasiam
388 2444 485 2507 supra
516 2425 648 2490 modum
674 2446 771 2491 onere
796 2425 976 2491 debitorum
1002 2425 1216 2489 inveniremus
1244 2426 1443 2509 depressam,

129 2525 158 2590 de
185 2531 332 2614 adjutorio
369 2536 479 2598 tamen
515 2533 621 2599 divino
658 2534 844 2600 fiducialiter
888 2537 1110 2616 presumentes
1153 2532 1371 2598 molendinum
1412 2538 1445 2600 et

128 2635 251 2716 piscinam
280 2640 423 2724 cepimus
455 2644 618 2707 exstruere
648 2663 711 2726 que
739 2642 831 2708 nobis
861 2646 893 2706 et
923 2642 1159 2707 successorihus
1191 2643 1307 2706 nostris
1337 2644 1443 2726 quoad

128 2761 196 2812 usum
215 2767 324 2815 mense
347 2750 533 2833 episcopalis
554 2770 619 2815 non
640 2750 802 2815 modicum
824 2748 962 2813 fructum
985 2748 1100 2813 inferre
1123 2747 1322 2814 videbantur.
1362 2749 1444 2827 Quia

128 2871 183 2919 iero
208 2877 287 2942 opus
318 2862 447 2942 ceptum
477 2860 655 2924 secundum
689 2862 779 2944 sytus
811 2857 1042 2923 dimensionem
1077 2875 1204 2921 cursum
1237 2855 1380 2922 debitum
1413 2861 1444 2923 et

129 2962 245 3032 naum
267 2967 371 3033 sortiri
399 2987 465 3034 non
485 2971 621 3051 poterat,
651 2968 711 3032 nisi
740 2969 868 3034 uberior
897 2966 1040 3031 extensio
1071 2965 1177 3047 quoad
1209 2966 1443 3048 spaciositatem

127 3075 275 3156 amanet,
308 3095 368 3142 nee
399 3077 452 3142 illa
484 3077 595 3142 haberi
626 3077 737 3159 potuit,
771 3076 830 3141 nisi
863 3074 1081 3141 molendinum
1115 3071 1234 3138 dictum
1269 3073 1443 3156 Slagrorde

128 3182 191 3259 qlod
216 3185 351 3269 capitulo
381 3187 492 3250 nostro
514 3184 627 3269 maj0ri
657 3185 699 3250 ad
727 3183 926 3267 prebendam
948 3188 1020 3248 octo
1044 3182 1153 3246 moltia
1175 3182 1272 3261 ordei,
1304 3186 1441 3265 quatuor

127 3288 209 3356 mollia
236 3293 365 3376 siliginis
393 3296 424 3359 et
453 3313 552 3359 unum
578 3293 671 3359 tritici
692 3313 751 3376 per
773 3293 937 3360 dimidiam
959 3309 1143 3355 mensuram
1165 3290 1365 3356 ministrabat
1386 3292 1444 3357 de-

128 3394 271 3477 moliretur,
294 3420 354 3466 nee
375 3402 437 3467 hoc
458 3403 525 3467 fieri
547 3405 682 3485 poterat,
704 3401 763 3466 nisi
784 3421 843 3485 pro
865 3420 962 3466 censu
985 3419 1093 3465 annuo
1114 3399 1247 3482 predicti
1268 3399 1443 3467 molendini

128 3507 275 3574 nmmum
298 3510 344 3574 eis
365 3512 521 3593 perpetuo
543 3512 787 3593 assignaremus,
818 3511 858 3575 de
887 3510 1016 3575 oonsilio
1046 3513 1171 3574 maturo
1192 3509 1288 3592 ipsius
1310 3512 1440 3594 capituli

129 3610 231 3681 ulilitate
252 3622 363 3683 nostra
385 3621 417 3682 et
439 3637 657 3683 successorum
679 3622 862 3684 nostrorum
883 3618 978 3700 longe
1008 3618 1121 3701 majori
1150 3621 1319 3701 prospecta
1348 3638 1445 3701 agros

129 3722 199 3788 aulis
224 3731 330 3791 nostre
358 3726 391 3790 in
413 3726 622 3810 Osenbrugge
653 3731 685 3793 et
714 3729 903 3811 pensionem
934 3728 1121 3793 eorumdem
1152 3747 1214 3810 que
1242 3728 1284 3793 ad
1306 3729 1444 3794 sedenim

129 3827 211 3898 mollia
230 3839 260 3901 et
280 3853 399 3902 novem
430 3835 555 3900 modios
583 3856 641 3920 per
668 3855 853 3901 mensuram
885 3837 1049 3902 dimidiam
1080 3836 1209 3918 siliginis
1240 3840 1271 3900 et
1300 3838 1389 3903 ordei
1410 3856 1445 3902 se

129 3937 240 4008 extendit
266 3943 444 4009 secundum
477 3944 611 4008 formam
643 3944 725 4007 inter
749 3961 899 4025 agrorum
929 3943 1066 4008 eultores
1097 3946 1129 4007 et
1149 3961 1208 4006 nos
1230 3941 1262 4006 in
1284 3942 1444 4025 privilegio

129 4058 202 4126 super
219 4051 276 4118 hoe
298 4052 445 4117 coniecto
468 4053 603 4135 positam
626 4055 783 4134 perpetua
804 4050 1035 4132 assignavimus
1058 4050 1230 4114 donatione
1252 4068 1319 4114 non
1341 4051 1443 4115 solum

128 4146 153 4212 in
169 4160 335 4224 maurum
360 4177 474 4225 census
496 4159 669 4225 molendini
689 4160 721 4225 in
736 4160 910 4243 Slagvorde
932 4178 1045 4224 rerum
1062 4159 1155 4223 etiam
1172 4159 1203 4222 in
1219 4177 1444 4241 recompensa-

128 4255 222 4330 lionem
249 4268 468 4351 dampnorum
496 4269 569 4334 hine
596 4269 671 4334 inde
700 4269 924 4334 accedenoium
954 4267 1091 4351 capitulo
1113 4269 1299 4332 memorato.
1342 4265 1381 4331 Et
1402 4287 1444 4333 ne

128 4373 213 4439 nostra
237 4376 367 4442 donatio
397 4377 463 4442 sive
493 4375 642 4443 cambitio
673 4397 731 4460 pro
760 4376 944 4441 molendino
976 4375 1103 4458 capituli
1132 4374 1231 4439 nostri
1256 4373 1298 4438 ob
1320 4377 1444 4440 tantam

127 4480 204 4544 noas
222 4489 251 4549 et
271 4503 491 4550 successorum
514 4488 697 4550 nostrorum
718 4485 885 4550 utilitatem
907 4484 991 4550 tacta
1011 4484 1152 4548 revocari
1174 4500 1327 4565 umquam
1344 4485 1446 4565 possit

127 4577 295 4672 indubium,
318 4596 501 4676 presentem
524 4597 644 4658 cartam
666 4597 755 4675 geste
778 4594 823 4658 rei
844 4593 959 4658 seriem
982 4591 1196 4656 continentem
1217 4589 1316 4672 sigillo
1334 4595 1444 4658 nostro

127 4693 289 4782 etapium
322 4702 423 4766 nostri
456 4700 605 4766 duximus
638 4701 867 4767 roborandam.
910 4700 992 4764 Aeta
1023 4702 1096 4763 sunt
1129 4699 1189 4763 hec
1221 4717 1307 4765 anno
1340 4701 1445 4785 gracie

126 4795 329 4875 M⁰C⁰G⁰L⁰IIL

228 4915 355 4986 deden:
376 4917 438 4986 unt
461 4915 684 5002 dopttetaiteoet
705 4934 745 4984 on
768 4913 1068 5001 5ttrtoornenttttetten
1091 4913 1275 5049 ontdnssenb.

1214 5012 1236 5076 4
