3210 5424
768 351 835 409 rasa
1412 326 1468 396 tal

253 513 360 579 Bruno
382 513 440 580 Dei
460 516 561 598 gratia
577 516 832 600 Osnaburgensis
854 516 1023 601 episcopus
1044 515 1192 581 omnibus
1213 513 1245 579 in
1267 514 1469 598 perpetuum.
1568 538 1573 548 ·

122 616 169 684 m
191 640 257 704 que
278 626 416 704 aguntur
436 624 469 687 in
489 627 634 709 tempore
666 645 706 689 ne
728 625 820 689 simul
843 644 916 690 curn
941 629 1086 707 tempore
1108 623 1297 702 dilabantur,
1330 623 1467 687 eternari

123 729 230 795 solent
257 733 439 798 testimonio
460 733 643 801 litterarum.
687 734 769 800 Hinc
799 739 856 812 est,
888 735 974 817 quod
1003 732 1124 797 tuturos
1152 733 1230 796 scire
1262 731 1407 813 cupimus
1437 731 1469 794 et

122 845 291 924 presentes
312 841 461 908 nolumus
481 844 637 925 ignorare,
661 845 747 927 quod
765 843 839 908 Giso
856 843 1037 908 scolasticus
1057 842 1186 907 ecclesie
1208 845 1317 906 nostre
1339 839 1469 923 maioris

125 949 178 1031 pia
211 950 381 1015 devotione
414 951 529 1016 ductus
560 972 619 1035 pro
652 953 793 1016 remedio
825 957 857 1016 et
888 952 991 1016 salute
1020 952 1126 1016 anime
1156 969 1213 1014 sue
1243 968 1350 1014 aream
1379 950 1470 1032 juxta

125 1057 278 1138 piscinam
311 1059 514 1124 dominorum
547 1063 728 1124 nostrorum
762 1079 861 1143 quarn
893 1061 1028 1142 propriis
1060 1059 1240 1142 sumptibus
1272 1057 1469 1140 comparavit

127 1184 197 1230 cum
218 1169 313 1249 prato
335 1170 367 1231 et
388 1167 481 1232 fossis
502 1172 657 1252 perpetua
678 1170 849 1235 donatione
871 1171 958 1235 dedit
980 1174 1013 1234 et
1034 1169 1166 1234 eontulit
1187 1167 1307 1251 capelle
1329 1169 1361 1229 et
1378 1165 1469 1229 attari

127 1274 220 1341 beate
242 1275 344 1341 Marte
364 1278 493 1361 virginis
514 1278 546 1342 in
568 1279 680 1362 maj0ri
703 1279 834 1344 ecclesia
856 1278 1105 1361 osnaburgensi,
1135 1277 1190 1341 tali
1219 1274 1363 1340 videlicet
1392 1292 1469 1338 con·

127 1382 245 1449 ditione
266 1385 441 1469 interjecta,
473 1387 559 1470 quod
590 1388 740 1452 sacerdos
768 1389 909 1472 ejusdem
932 1387 1053 1470 capelle
1082 1391 1114 1450 et
1135 1385 1242 1450 altaris
1264 1402 1302 1448 ac
1324 1381 1372 1446 sui
1395 1400 1468 1445 suc·

128 1513 269 1559 cessores
291 1495 413 1559 dabunt
435 1495 475 1559 de
498 1495 610 1559 eadem
633 1514 708 1559 area
731 1497 762 1558 et
784 1498 876 1578 prato
898 1495 1041 1579 quolibet
1068 1513 1152 1559 anno
1175 1494 1207 1558 in
1228 1492 1309 1557 testo
1332 1490 1467 1574 Crispini

128 1606 158 1666 et
177 1600 365 1686 Crispiniani
387 1603 429 1668 ad
451 1603 666 1668 obedientiam
682 1602 839 1668 Atrebelre
861 1603 951 1666 XXX
969 1603 1115 1668 denarios
1137 1605 1169 1666 et
1191 1603 1232 1666 ad
1255 1601 1469 1666 obedientiam

128 1711 319 1794 Papenhore
349 1710 379 1775 X
410 1712 557 1776 denarios
588 1731 626 1776 ac
658 1712 689 1777 in
722 1712 804 1777 testo
832 1712 1056 1795 purificationis
1084 1710 1282 1775 interioribus
1314 1714 1345 1773 et
1379 1709 1469 1773 novis

130 1821 246 1887 vinariis
277 1824 414 1904 quatuor
443 1820 594 1885 candelas
624 1821 664 1884 de
694 1823 831 1904 quatuor
862 1820 986 1885 talentis
1008 1839 1080 1884 cere
1101 1824 1132 1883 et
1154 1820 1198 1883 sic
1220 1818 1359 1901 quolibet
1382 1836 1469 1881 anno

131 1931 219 1995 decet
227 1929 254 2015 1)
287 1930 318 1993 in
347 1929 535 1994 memoriam
568 1929 681 2012 prefati
714 1931 867 1995 scolastici
897 1933 960 1994 tres
990 1929 1103 1994 missas
1131 1948 1189 2012 pro
1220 1927 1385 1993 defunctis.
1429 1925 1470 1990 Ut

130 2041 235 2103 autern
263 2038 445 2121 hujusmodi
474 2037 526 2121 pie
555 2038 728 2104 collationis
755 2037 911 2104 ordinatio
936 2038 1012 2103 nulli
1041 2041 1180 2102 vertatur
1201 2037 1232 2100 in
1255 2036 1388 2101 dubium
1409 2054 1470 2100 nec

131 2147 163 2211 in
182 2149 342 2229 posterum
372 2147 414 2210 ab
443 2147 601 2230 aliquibus
632 2148 736 2212 valeat
756 2148 956 2231 aliquatenus
978 2146 1168 2223 rectractari,
1199 2164 1331 2228 presens
1354 2144 1470 2227 pagina

134 2273 226 2338 super
245 2254 305 2320 hoc
327 2254 470 2319 contecta
490 2258 600 2320 nostro
622 2262 652 2321 et
674 2257 801 2340 capituli
823 2257 920 2321 nostri
943 2256 1048 2338 sigillis
1070 2259 1117 2320 est
1126 2255 1154 2341 ²)
1177 2254 1308 2321 munita.
1352 2253 1468 2318 Datum

136 2367 166 2427 et
193 2366 295 2428 actum
324 2383 411 2428 anno
439 2363 563 2428 Domini
584 2364 800 2443 M⁰CCLVlt⁰;
833 2365 1047 2450 presentibus:
1082 2362 1266 2428 Baldewino
1296 2363 1469 2446 preposito,

137 2470 324 2556 Gysetberlo,
354 2471 471 2537 Gisone
493 2473 667 2553 scolastico,
694 2475 858 2541 Gerhardo
881 2475 921 2539 de
943 2473 1087 2559 Berve,³)
1114 2472 1258 2550 Ernesto,
1288 2471 1465 2550 Attrimmo,

138 2578 306 2659 Helmoldo,
328 2579 471 2659 Gerlaco,
495 2580 653 2661 Conrado,
680 2582 855 2663 Gotseatco,
883 2582 1046 2647 Gerhardo
1069 2583 1109 2646 de
1131 2581 1341 2664 Selingtorpe,
1371 2579 1469 2644 Erer-

138 2688 240 2769 bardo,
254 2691 381 2756 Hirnico
397 2692 437 2756 de
454 2691 570 2770 Monte,
587 2690 751 2770 Lutberto,
768 2689 894 2756 Hinrieo
911 2691 951 2755 de
968 2689 1141 2768 Parborne,
1162 2687 1306 2770 lingone,
1322 2686 1467 2752 Johanne

141 2798 179 2862 de
196 2798 265 2879 Vos,
286 2799 433 2865 Wescelo
456 2799 496 2865 de
518 2800 651 2882 Scagen.

237 2957 257 3023 ¹)
275 2956 303 3026 lt.
321 2957 415 3012 dicet?
434 2988 466 2997 -
487 2958 509 3023 l)
528 2955 658 3026 ttblrtniit
677 2962 713 3012 et.
734 2987 766 2995 -
787 2957 809 3023 ³)
829 2954 856 3026 lt.
875 2957 955 3010 Bure.

143 3270 204 3340 ¹⁸5·
220 3311 260 3324 -
280 3274 491 3362 bratteatum.
513 3275 607 3346 1257.

293 3410 409 3493 tlitdol
437 3410 545 3478 titano
577 3414 636 3478 aab
667 3412 748 3493 tirel
777 3412 852 3478 Otto
879 3430 938 3478 oon
960 3409 1153 3492 dedicabam
1184 3406 1379 3483 beirdunben,
1408 3401 1467 3481 bati

295 3520 345 3586 ter
367 3519 469 3587 &tacit
491 3519 655 3605 &etnam
678 3538 737 3587 oon
753 3520 866 3602 &dien
890 3521 944 3586 mit
966 3521 1029 3586 bem
1048 3518 1160 3596 ittotter
1178 3517 1267 3586 italie
1289 3515 1362 3580 iiber
1383 3513 1467 3578 einen

294 3627 368 3712 itaq
400 3636 459 3695 aab
493 3629 599 3696 antece
621 3629 722 3714 tbinqe
752 3629 837 3711 buret)
865 3630 927 3695 eine
948 3629 1088 3713 ssabtunq
1120 3645 1178 3694 nen
1200 3626 1219 3689 4
1242 3623 1332 3690 iltcrt
1362 3621 1468 3701 latens

293 3737 344 3804 ber
366 3738 497 3817 ttlottete
519 3739 660 3824 beiqeteqt
682 3739 725 3817 tit.

391 3873 521 3945 uhtqatt
541 3875 588 3931 bed
608 3877 649 3930 14.
669 3875 770 3946 Sonti).
790 3878 818 3932 tn
837 3874 907 3944 illic.
925 3875 988 3940 217,
1005 3874 1047 3928 24.

255 3988 318 4055 Nos
340 3990 474 4074 B(mno)
496 3992 553 4057 Dei
574 3995 674 4076 gratia
697 3993 827 4059 ecclesie
849 3993 938 4059 Osna
960 4042 967 4056 .
992 4044 998 4056 .
1022 3993 1189 4075 episeopus
1212 3994 1244 4053 et
1262 3987 1337 4052 Otto
1359 4003 1468 4051 eomes

151 4088 183 4154 de
200 4091 421 4179 'l'elreneburgb
442 4101 643 4182 presentibus
664 4100 790 4184 publice
811 4105 1034 4185 protestamur,
1057 4101 1143 4183 quod
1165 4117 1238 4162 curn
1257 4097 1315 4161 illis
1332 4097 1469 4178 quatuor

152 4202 245 4269 marcis
271 4225 350 4289 quas
379 4207 548 4272 cenobium
573 4209 605 4272 in
626 4209 721 4273 Rulle
751 4209 881 4274 domino
902 4208 1076 4276 Thetmaro
1104 4207 1144 4271 de
1165 4204 1310 4289 Solon(?)
1336 4201 1469 4268 contulit

152 4312 235 4377 omnis
255 4315 419 4393 discordia,
450 4336 512 4399 que
540 4317 621 4381 inter
652 4317 769 4382 dictum
791 4319 964 4383 claustrum
986 4321 1018 4382 et
1039 4319 1142 4401 ipsum
1166 4314 1376 4379 Ttretmarum
1398 4329 1468 4375 ver·

151 4418 259 4488 sabatur
287 4427 354 4488 lam
384 4425 424 4489 de
453 4426 503 4490 via
532 4426 584 4491 illa
614 4447 711 4510 quarn
742 4429 890 4494 omnibus
919 4428 986 4493 aliis
1017 4428 1119 4492 causis
1140 4427 1222 4489 inter
1244 4422 1374 4488 eosdem
1397 4440 1468 4485 ver·

150 4532 271 4598 acubus
293 4537 325 4598 et
346 4539 406 4600 cet.
428 4539 477 4601 est
498 4539 610 4603 sedata
631 4538 691 4603 sub
713 4539 766 4604 tali
788 4539 935 4603 firmitate
958 4538 1110 4616 videlicet,
1133 4535 1219 4619 quod
1242 4532 1343 4598 dictus
1367 4529 1468 4594 Thet-

149 4653 238 4705 marus
251 4644 282 4706 et
298 4645 345 4709 sui
361 4642 497 4711 heredes
512 4665 609 4730 super
625 4646 806 4730 hujusmodi
821 4648 925 4712 taliter
941 4646 1094 4711 ordinatis
1107 4661 1273 4725 nunquam
1292 4640 1467 4705 movebunt

149 4742 180 4809 de
197 4753 296 4815 cetero
319 4754 517 4834 questionem
538 4756 604 4819 sive
626 4756 684 4839 ipsi
707 4756 842 4820 claustro
864 4755 1004 4838 aliquam
1027 4753 1143 4817 faciant
1164 4751 1403 4835 impetitionem.
1432 4749 1468 4813 ln

146 4854 222 4938 cujus
239 4859 285 4923 rei
306 4861 521 4927 testimonium
552 4868 582 4929 et
612 4865 819 4929 munitionem
846 4864 945 4946 sigilla
966 4867 1075 4928 nostra
1097 4859 1297 4945 presentibus
1320 4859 1468 4924 duximus

145 4967 329 5047 apponenda.
373 4969 490 5036 Datum
511 4970 743 5056 Tekenburgh3
766 4991 851 5038 anno
873 4972 999 5038 Domini
1021 4971 1133 5038 MCCL
1155 4971 1299 5053 septimo.
