3210 5424
775 367 842 422 1252
1437 349 1476 413 39

123 528 703 614 m-ffimmmmw

300 662 413 745 tltttbot
442 663 570 746 §totum
600 681 660 731 oon
691 661 819 729 litinben
851 659 998 737 betunbet,
1027 657 1084 737 bot
1116 656 1250 740 betnrttb
1277 677 1305 725 n.
1332 659 1360 726 b.
1388 656 1475 739 bort

300 772 353 837 nit
385 771 407 835 4
438 772 566 838 unbeten
597 770 719 838 tttttecn
752 770 801 853 iub
833 767 923 850 bulttt
955 767 1095 850 oetbtitqt
1127 767 1188 850 bet,
1221 766 1281 848 lein
1314 768 1373 849 ient
1407 768 1474 851 norb

300 880 545 964 nioberitbriqer
567 880 659 963 &obn
681 880 785 960 meroe,
807 897 859 961 pat
881 875 1102 960 ttodjtbrtqteit
1125 876 1255 960 netouqt,
1278 876 1332 959 cul
1354 878 1409 944 ben
1432 895 1473 944 on

301 987 355 1054 bot
377 987 493 1069 Rtolter
515 989 570 1056 61.
589 989 718 1069 blondo
740 1007 794 1055 not
814 986 942 1053 litinben
965 984 1133 1067 nettoutteu
1150 985 1283 1069 gebeton
1304 1004 1338 1069 gu
1356 984 1476 1068 bintotf

300 1096 430 1181 nentur
453 1097 564 1175 teiltcn.

396 1230 538 1301 Drtptnot:
567 1228 761 1300 <stautandin
780 1227 912 1299 tittnttrr.
951 1227 1047 1286 brad:
1075 1228 1234 1301 bergamo„
1261 1229 1305 1288 ΞΒ.
1325 1229 1407 1288 nab.
1426 1230 1477 1297 vl„

396 1317 448 1374 var.
467 1319 529 1373 561.

258 1435 422 1500 Jobannes
434 1434 492 1500 Dei
511 1435 616 1517 gracia
633 1434 805 1499 Mindensis
822 1434 989 1518 episcopus
1004 1437 1159 1500 universis
1174 1455 1307 1518 presens
1325 1436 1474 1518 scripturn

124 1542 245 1607 visuris
268 1544 403 1608 salutem
426 1544 458 1607 in
481 1542 627 1608 Domino,
670 1542 721 1607 Ad
744 1543 892 1607 noticiam
915 1543 1111 1626 singulorum
1132 1545 1298 1627 pervenire
1320 1545 1477 1623 volumus,

127 1652 222 1732 quod
244 1651 409 1716 Heinricus
431 1652 472 1717 de
494 1651 601 1727 Horst‚
624 1650 808 1716 Gerhardus
830 1652 951 1734 dapifer
972 1650 1013 1715 de
1035 1652 1244 1733 Reineberge,
1273 1651 1478 1716 Harderadus

129 1758 253 1841 Lupus,
276 1760 481 1824 Hermannus
500 1760 540 1824 de
560 1758 813 1838 Haddenhusen
835 1762 865 1823 et
884 1758 1103 1824 Willehelmus
1122 1759 1211 1844 Span
1233 1760 1348 1825 milites
1371 1780 1478 1826 coram

133 1867 228 1956 nobis
250 1867 310 1932 lide
334 1868 410 1932 dala
431 1869 646 1951 promiserunt
668 1868 698 1931 in
722 1886 836 1932 manus
857 1866 977 1931 domini
992 1866 1116 1950 Gerlagi
1131 1869 1257 1933 abbatis
1274 1871 1306 1932 et
1320 1867 1478 1933 Thiderici

140 1972 180 2036 de
201 1975 290 2040 Ullen
313 1981 345 2040 et
367 1975 563 2041 Helemberti
587 1975 760 2041 Camerarii
782 1974 926 2052 militum,
950 1975 1036 2057 quod
1058 1975 1139 2039 tilius
1162 1975 1259 2059 ipsius
1276 1976 1413 2041 Heinrici
1436 1977 1477 2041 de

143 2081 246 2163 Horst,
267 2086 341 2150 dum
364 2086 406 2150 ad
429 2105 530 2149 annos
552 2084 747 2149 discretionis
770 2083 958 2165 pervenerit,
980 2084 1104 2165 partem
1127 2083 1249 2172 decime
1267 2085 1298 2147 in
1317 2083 1479 2166 Linlorpe,

150 2209 238 2271 quum
259 2197 347 2275 pater
364 2212 441 2257 suus
459 2191 654 2278 H(einricus)
673 2192 703 2255 in
726 2211 841 2255 manus
863 2195 990 2255 nostras
1011 2191 1053 2254 ad
1075 2210 1151 2255 usus
1173 2191 1357 2256 monasterii
1379 2191 1480 2257 sancti

155 2298 277 2367 llauricii
296 2305 328 2367 in
349 2302 456 2366 Insula
478 2299 647 2381 resignavit
670 2301 738 2383 ipse
759 2299 900 2363 similiter
921 2299 1019 2363 libere
1040 2300 1220 2381 resignabit.
1254 2299 1287 2364 Si
1311 2302 1380 2384 quis
1403 2320 1479 2365 vero

159 2411 275 2474 eandem
296 2412 451 2476 decimam
475 2409 641 2492 inpetierit,
672 2408 804 2491 predicti
834 2408 947 2472 milites
970 2407 1112 2473 Mindam
1134 2409 1297 2474 intrabunt
1319 2411 1392 2474 inde
1415 2430 1478 2475 non

162 2518 263 2598 exituri,
292 2521 392 2584 donec
421 2521 523 2603 ipsam
555 2519 710 2583 decimam
741 2516 935 2582 monasterio
956 2517 1056 2580 sancti
1077 2515 1216 2582 Mauricii
1242 2519 1480 2599 procuraverint

165 2627 327 2707 expeditam.
372 2627 440 2692 Hec
462 2646 520 2691 nos
544 2626 657 2690 vidisse
680 2629 711 2689 et
731 2626 889 2690 audivisse
918 2626 1027 2691 litteris
1058 2626 1173 2690 nostris
1200 2628 1381 2711 patentibus
1403 2647 1479 2711 pro·

168 2735 304 2801 testamur.
346 2735 428 2800 Acta
450 2738 524 2799 sunt
546 2733 605 2798 hec
627 2754 712 2799 anno
734 2734 860 2799 Domini
881 2733 1065 2801 M⁰CC⁰Lll

267 2853 369 2938 &teget
392 2871 450 2919 rou
473 2851 771 2936 bergomentitretlen
795 2850 967 2935 obpelotten.

170 3213 726 3308 doefflwmmwmu

304 3357 369 3425 bet
390 3358 611 3441 (turbinatlequt
634 3356 721 3441 buon
743 3357 854 3438 torbett
875 3356 931 3423 otte
947 3355 1118 3440 tdtiubiqeu
1140 3357 1173 3423 tn
1191 3355 1387 3437 §beutidtonb
1411 3355 1478 3437 uui„

305 3466 358 3532 ben
380 3465 553 3545 multatim
575 3468 607 3533 iu
630 3466 718 3534 itate
740 3466 825 3548 buttb
848 3466 973 3547 [comme
996 3465 1101 3533 urben
1130 3484 1165 3548 pu
1193 3463 1382 3546 untetltttsen
1416 3464 1477 3532 uno

305 3576 426 3659 nateibt
448 3576 524 3642 olleo
546 3575 713 3659 girbertus
735 3575 787 3641 beo
809 3573 914 3642 bauer
937 3575 1021 3641 einen
1044 3573 1152 3653 attan.

400 3705 1054 3777 wmmumwfflwwt

266 3821 421 3888 Universis
437 3823 552 3888 Christi
566 3823 712 3888 fidelibus
729 3843 786 3906 per
805 3823 1009 3889 Almanniam
1031 3823 1073 3888 ad
1091 3843 1171 3906 quos
1191 3828 1355 3907 presentes
1375 3824 1477 3889 littere

170 3931 336 3996 pervenerint
363 3932 460 3995 frater
482 3930 576 4013 Hugo
597 3932 800 3996 miseratione
828 3931 934 3996 divina
958 3931 1094 4015 tyru1e1)
1117 3936 1225 3996 sancte
1249 3932 1365 3997 Sabine
1388 3951 1478 4014 pres-

170 4022 232 4091 biter
249 4039 404 4104 cardinalis
425 4038 598 4121 apostolice
619 4023 712 4104 sedis
726 4041 848 4120 legatus
868 4040 1004 4104 salutem
1026 4039 1057 4104 in
1081 4039 1218 4103 Domino
1239 4040 1476 4121 sempiternam.

170 4128 315 4226 Quomodo,
336 4153 372 4212 ut
394 4146 504 4232 ayt(!),
527 4148 700 4229 apostolus,
723 4167 835 4212 omnes
857 4148 1012 4213 stabimus
1034 4151 1109 4212 ante
1131 4148 1269 4213 tribunal
1290 4147 1405 4212 Christi
1427 4166 1478 4211 re·

170 4247 272 4329 illidii,
290 4258 383 4339 prout
399 4258 431 4320 in
449 4275 582 4338 corpore
603 4257 760 4338 gessimus
782 4254 848 4320 sive
869 4257 992 4321 bonum
1008 4256 1100 4320 luerit
1115 4256 1181 4320 sive
1198 4256 1327 4333 malum,
1350 4257 1477 4338 oportet

168 4363 215 4412 nos
231 4356 302 4426 diem
316 4365 482 4429 messionis
500 4368 641 4428 extreme
658 4364 871 4429 misericordie
888 4365 1037 4446 operibus
1054 4364 1219 4445 prevenire
1237 4381 1275 4427 ac
1293 4365 1476 4427 eternorum

168 4454 256 4532 intuitu
280 4476 434 4538 seminare
464 4474 496 4537 in
519 4471 679 4560 [terris]‚²)
710 4474 797 4555 quod
828 4473 981 4537 reddente
1004 4471 1140 4535 Domino
1171 4490 1243 4534 cum
1270 4469 1476 4552 multiplicato

169 4565 249 4638 [sudu
266 4581 428 4663 recoligere
451 4582 626 4646 debeamus
655 4582 686 4645 in
715 4582 788 4645 celis
815 4581 941 4646 firmam
969 4599 1059 4661 spem
1082 4578 1294 4661 fiduciamque
1316 4581 1475 4657 tenentes,

170 4681 291 4754 lloniarn
319 4689 372 4772 qui
402 4709 498 4773 parce
527 4691 662 4754 seminat
692 4710 787 4772 parce
820 4693 852 4754 et
881 4692 979 4753 metet
1007 4692 1039 4751 et
1067 4687 1120 4770 qui
1149 4687 1286 4751 seminat
1315 4687 1347 4751 in
1377 4687 1477 4751 bene-

170 4778 324 4861 dictionibus
345 4799 385 4862 de
406 4798 678 4864 benedictionibus
701 4802 732 4863 et
753 4801 852 4862 metet
872 4798 970 4862 vitam
992 4800 1145 4861 eternam.
1177 4795 1259 4860 Cum
1280 4795 1372 4875 igitur
1394 4795 1474 4859 sicut

173 4907 426 4936 ’χι-

254 4973 272 5041 1)
289 4975 323 5034 e.
341 4977 391 5036 vo.
410 4979 453 5034 49.
