3210 5424
703 377 769 435 1259
933 442 936 447 ,
1348 360 1407 429 id?

67 537 217 603 universis
247 539 291 605 ad
320 558 401 623 quos
431 560 564 624 presens
593 543 743 624 scriptum
776 544 966 625 pervenerit,
1000 544 1087 627 quod
1120 541 1407 609 commutacionem

67 648 268 732 quorundam
305 669 454 734 agrorum
491 655 523 716 et
560 655 724 734 pratorum
762 653 803 717 de
839 653 1002 718 voluntate
1039 657 1070 718 et
1107 652 1235 718 consilio
1273 651 1408 716 litonum

65 759 246 823 nostromm
268 759 301 823 in
321 758 473 825 Stocbem
503 779 575 825 cum
607 761 737 826 domino
759 761 895 843 Hugone
916 761 998 827 Urso
1029 765 1059 826 et
1087 762 1151 826 suis
1179 759 1328 825 litonibus
1349 779 1408 842 per

64 866 204 931 nobilem
240 867 342 932 virum
382 869 548 935 dominum
585 869 786 935 Wicboldum
825 870 865 935 de
902 870 997 936 llolte
1034 872 1066 935 et
1107 889 1165 953 per
1206 868 1406 934 Gerbardum

64 976 230 1041 custodem
249 977 379 1042 ecclesie
401 982 509 1043 nostre
531 977 763 1063 officialemque
783 978 936 1062 prepositi
951 983 1037 1044 certa
1054 979 1258 1045 distinccione
1280 977 1407 1056 tactam,

64 1088 97 1148 ut
122 1083 175 1149 illa
205 1088 298 1150 vetus
329 1087 453 1170 questio
484 1105 547 1169 que
576 1107 616 1152 ex
644 1089 776 1153 erratica
806 1088 1040 1153 intermixtione
1067 1087 1133 1152 fere
1162 1087 1291 1169 singulis
1317 1088 1408 1153 annis

63 1193 190 1276 contigit
212 1195 388 1261 eorundem
411 1203 567 1279 perpetuo
589 1200 691 1262 cesset
713 1200 744 1261 et
766 1195 925 1280 ricinia(t)
948 1197 1100 1279 quiescat,
1126 1199 1226 1260 ratam
1250 1195 1407 1262 habemus

63 1308 93 1368 et
106 1305 298 1370 auctoritate
314 1308 514 1390 presencIum
531 1306 766 1372 confirmamus.
789 1305 856 1387 Ego
873 1304 976 1386 Hugo‚
999 1307 1073 1388 quia
1089 1305 1223 1387 sigillum
1243 1307 1405 1389 proprium

62 1431 127 1478 non
148 1412 266 1493 babeo,
289 1417 457 1480 contentus
478 1433 549 1479 sum
572 1414 672 1497 sigillo
695 1413 813 1480 domini
836 1412 989 1478 lobannis
1009 1412 1081 1477 Ursi
1103 1413 1206 1478 fratris
1228 1415 1300 1480 mei.
1328 1415 1409 1482 Acta

60 1525 136 1586 sunt
155 1520 218 1586 bec
241 1539 326 1587 anno
349 1520 474 1587 Domini
495 1520 661 1588 M⁰cc⁰n⁰
682 1541 778 1589 nono.

58 1869 137 1936 205.
159 1907 203 1920 -
227 1870 320 1941 1259.

231 2004 296 2071 ibet
318 2004 418 2073 uiuet
440 2004 593 2085 bermone
616 2001 694 2081 bote
715 2003 864 2084 belunbet,
899 2002 956 2084 bob
983 2022 1015 2072 er
1036 2003 1090 2086 out
1111 2004 1156 2073 bie
1178 2002 1408 2090 bolpgrottdott

231 2113 264 2179 in
286 2113 335 2182 bet
357 2112 464 2182 tinto
486 2112 586 2193 blod,
617 2112 715 2196 uelde
747 2131 778 2181 er
808 2112 858 2180 oto
880 2111 1095 2198 tleouttrosstet
1117 2113 1168 2180 teo
1191 2114 1322 2193 litotets
1344 2134 1408 2184 ocu

230 2221 331 2290 recitet
352 2222 414 2307 bot,
435 2222 487 2305 ttr
509 2222 558 2307 iub
580 2223 641 2291 unt
663 2223 740 2305 letne
763 2222 860 2291 urben
883 2220 1039 2306 oerrtdtet.

328 2352 459 2425 nornen
478 2354 525 2411 ees
544 2357 586 2411 n.
605 2355 707 2427 nonen.
727 2357 756 2413 er
774 2355 844 2426 mre,
862 2356 925 2422 arn
944 2354 981 2414 e.
1000 2356 1043 2410 aa.

187 2471 393 2540 Hermannus
415 2475 517 2540 dictus
538 2475 647 2541 Uncus
672 2475 764 2540 miles
786 2474 934 2540 omnibus
955 2474 1116 2558 presentia
1137 2476 1249 2542 visuris
1271 2476 1407 2542 salutern

57 2583 89 2649 in
113 2603 154 2650 eo
177 2583 231 2667 qui
254 2587 302 2649 est
323 2585 409 2650 salus
430 2586 583 2653 omnium.
627 2585 756 2652 Noverit
786 2590 851 2651 tam
883 2585 1078 2668 presentium
1110 2602 1208 2669 quarn
1230 2583 1408 2650 futurorum

57 2692 226 2771 industria,
257 2694 344 2776 quod
371 2713 430 2760 nos
455 2694 661 2779 jurisdictioni
692 2714 756 2778 que
785 2695 955 2778 vulgariter
984 2693 1097 2759 dicitur
1121 2691 1346 2778 toltprcsclrap
1375 2692 1408 2758 in

59 2800 193 2866 marcha
222 2800 316 2866 Rulle
345 2821 442 2885 quarn
471 2803 512 2868 ad
541 2803 706 2869 utilitatem
738 2807 771 2868 et
797 2804 1003 2869 commodum
1032 2804 1130 2886 ipsius
1159 2801 1343 2867 monasterii
1375 2801 1407 2865 in

60 2907 166 2987 Rulle,
188 2912 225 2974 ut
240 2909 310 2993 ipsa
327 2910 438 2976 marka
460 2911 491 2975 in
507 2910 620 2995 majori
643 2916 727 2978 esset
747 2912 942 2990 defensione,
963 2913 1152 2978 tenebamus
1168 2931 1227 2995 per
1242 2913 1409 2993 presentes

60 3015 181 3083 litteras
209 3038 268 3101 pro
297 3019 389 3084 nobis
421 3023 452 3085 et
482 3021 598 3085 nostris
625 3020 796 3086 heredibus
825 3019 963 3085 totaliter
984 3021 1217 3085 renunciamus.
1262 3020 1295 3085 ln
1319 3020 1408 3103 cujus

61 3125 313 3191 renunciacionIs
342 3128 557 3194 testimonium
592 3127 727 3211 sigillum
762 3133 905 3194 nostrum
938 3129 1140 3212 presentibus
1172 3130 1321 3194 duximus
1351 3147 1409 3211 ap·

62 3234 259 3313 ponendum.

189 3342 307 3408 Datum
329 3362 416 3408 anno
438 3342 564 3408 Domini
585 3343 771 3412 M⁰CCLIX.

61 3679 139 3749 ²⁰6.
162 3720 204 3732 -
225 3684 295 3768 rob
318 3684 445 3773 tibist)

229 3818 295 3885 ibet
325 3818 427 3886 itittcr
456 3818 580 3903 tributo
611 3815 688 3895 trote
718 3815 904 3897 beurlunbet„
935 3815 993 3894 bote
1023 3815 1068 3883 bie
1099 3813 1327 3899 boqurotlrbott
1356 3814 1406 3882 bet

228 3927 335 3995 liniter
357 3927 447 3996 litori
477 3927 538 4011 ibn
569 3926 633 3994 rein
657 3925 814 4008 pertintidp
843 3923 903 3991 unt
933 3923 988 4007 out
1010 3922 1180 4005 tbietetrnt
1202 3941 1270 3990 oum
1292 3922 1406 4001 ittottet

228 4036 316 4104 diuite
339 4037 516 4121 tibertropen
538 4034 588 4116 lei.

326 4167 456 4239 tlbtdpritt
475 4165 522 4224 tet
542 4168 584 4221 14.
603 4163 704 4236 &obtin
725 4165 753 4220 tn
772 4162 841 4234 litte.
860 4164 923 4231 2172
941 4161 978 4219 (ὅ.
997 4164 1040 4217 28.

185 4286 251 4368 Ego
273 4285 459 4352 Lodewicus
481 4285 573 4350 miles
595 4284 696 4348 dlutus
717 4282 826 4346 Uncus
848 4280 1043 4363 presentium
1073 4285 1183 4345 tenore
1210 4282 1309 4344 testor
1334 4279 1406 4344 uni·

58 4394 160 4460 versis
187 4393 248 4459 boc
276 4393 427 4476 scriptum
456 4392 661 4469 intuentibus,
693 4391 780 4474 quod
813 4409 872 4471 ego
901 4409 960 4472 pro
989 4389 1175 4454 remissione
1202 4391 1406 4472 peccatorum

57 4521 206 4568 meorum
223 4506 255 4566 et
272 4501 313 4566 ad
331 4503 517 4585 petitionem
534 4502 693 4567 abbatisse
714 4503 746 4565 ct
761 4501 936 4565 conventus
952 4497 984 4560 in
1000 4496 1093 4561 Rulle
1112 4496 1155 4561 ad
1171 4496 1406 4561 defendendam

56 4608 255 4694 marcham)
277 4610 308 4672 in
324 4608 416 4675 Rulle
435 4610 589 4693 judicium
612 4610 698 4692 quod
720 4605 841 4689 vulgari
861 4604 1016 4670 vocabulo
1034 4604 1148 4669 dicitur
1166 4602 1404 4687 boltprafsclrap

56 4716 164 4800 recepi
201 4722 290 4783 tanto
325 4717 468 4783 videbcet
504 4720 659 4799 tempore,
697 4734 761 4797 quo
798 4714 939 4797 predicte
976 4712 1139 4777 abbatisse
1174 4716 1205 4776 et
1237 4712 1407 4777 conventui

55 4825 221 4912 placuerit.
264 4825 298 4889 Si
320 4844 400 4897 ,vero
421 4825 527 4889 medio
549 4828 694 4907 tempore
717 4823 836 4902 obiero,
862 4821 966 4887 nullus
987 4821 1141 4887 heredum
1167 4821 1215 4886 vel
1236 4826 1406 4905 parentum

167 5005 190 5073 ¹)
208 5004 246 5062 Q
264 5004 315 5063 itt.
333 5006 394 5061 205.

1156 5086 1212 5151 10*
