3210 5424
734 343 799 403 1251
1395 329 1433 400 17

127 508 189 572 omni
212 508 280 590 jure
308 508 395 589 quod
425 507 456 572 in
484 510 596 575 eadem
628 512 706 575 curti
737 516 768 576 et
798 513 829 576 in
860 512 1009 578 omnibus
1031 512 1073 577 ad
1094 513 1196 596 ipsam
1218 517 1340 579 curtem
1361 533 1435 597 pcr-

127 617 266 682 tinentibus
287 615 456 680 habuimus
479 617 528 681 vel
549 617 670 683 hebere
691 620 862 701 potuimus.
889 619 1039 686 Preterea
1060 623 1200 705 presenti
1221 625 1435 705 protestamur

128 727 225 809 scripto,
255 725 341 807 quod
373 726 460 790 bona
493 725 556 790 fide
585 726 797 810 promisimus,
828 728 914 811 quod
941 729 984 793 ob
1013 730 1224 795 reverentiam
1255 731 1349 796 beate
1378 730 1435 796 Dei

129 833 252 918 genitricis
272 832 371 898 Marte
402 836 433 897 et
465 834 566 900 sancti
587 835 748 900 Laurentii
776 837 911 901 martiris
940 836 1058 902 factum
1088 843 1232 904 nostrum
1254 839 1382 904 firmum
1405 844 1436 904 et

130 943 316 1009 innnmlsum
343 945 515 1010 observare
544 943 746 1028 promisimus
776 944 808 1008 in
838 948 1037 1027 perpetuum.
1080 945 1199 1011 Totum
1221 948 1329 1030 itaque
1350 946 1436 1030 capi·

130 1053 204 1118 tulum
221 1057 349 1135 propter
371 1053 434 1118 tale
456 1058 600 1119 nostrum
621 1051 810 1118 beneficium
840 1051 1015 1135 plenariam
1046 1053 1138 1118 nobis
1167 1054 1298 1119 contulit
1323 1054 1436 1119 frater-

132 1161 231 1225 nitatem
251 1160 282 1223 in
304 1161 453 1225 omnibus
474 1160 650 1226 benefactis
673 1180 735 1245 que
758 1162 798 1227 de
820 1165 926 1227 cetero
948 1163 980 1226 in
1002 1162 1133 1228 ecclesia
1153 1163 1222 1246 ipsa
1239 1163 1435 1246 contingenb

132 1270 214 1334 iubes
232 1268 325 1333 etiarn
349 1270 442 1334 nobis
464 1270 599 1351 benigne
621 1268 820 1335 indulserunt
842 1270 992 1354 quicquid
1015 1270 1212 1349 turbationis,
1234 1270 1365 1355 dampni
1386 1269 1436 1336 vel

133 1378 242 1442 uolutie
262 1377 338 1460 ipsis
361 1397 564 1461 quocumque
593 1379 691 1444 modo
719 1378 824 1443 verbis
851 1379 900 1443 vel
930 1378 1020 1445 factis
1040 1378 1202 1444 intulimus
1224 1384 1256 1444 et
1277 1398 1337 1444 nos
1357 1377 1437 1443 fide-

133 1487 182 1551 liter
191 1486 400 1570 promisimus,
431 1485 518 1569 quod
548 1487 634 1569 ipsos
667 1486 806 1570 singulos
834 1490 867 1551 et
895 1487 1060 1552 universos
1091 1487 1122 1551 in
1152 1486 1300 1552 omnibus
1322 1486 1438 1569 quibus

133 1614 269 1678 possumus
300 1596 499 1661 studebimus
531 1615 730 1679 promovere.
774 1596 857 1674 Quia
888 1615 964 1660 vero
997 1595 1131 1679 sigillum
1163 1597 1260 1662 actori
1296 1598 1329 1660 et
1360 1595 1438 1660 actis

133 1707 317 1770 aucbntalem
340 1706 462 1772 confert
484 1711 516 1772 et
537 1707 645 1784 robur,
675 1705 811 1789 sigillum
841 1709 985 1770 nostrum
1007 1705 1147 1788 presenti
1168 1703 1284 1788 pagine
1305 1703 1439 1769 fecimus

133 1814 221 1896 apponi
240 1820 271 1879 et
291 1815 513 1880 nichilominus
530 1815 705 1899 luidgerus
726 1814 828 1880 abhas
851 1813 994 1897 ejusdem
1017 1812 1147 1878 ecclesie
1168 1813 1209 1878 de
1230 1813 1340 1876 nostro
1362 1829 1439 1876 con·

134 1941 205 1986 sensu
227 1943 318 1988 suum
348 1929 380 1988 et
401 1925 497 1990 totius
519 1924 646 2007 capituli
668 1923 767 2005 sigilla
789 1922 861 1987 fecit
882 1920 1001 2005 apponi
1027 1920 1069 1987 ad
1091 1921 1255 1985 munimen
1278 1924 1310 1986 et
1331 1920 1439 1985 firma·

133 2036 243 2096 neutum
274 2032 348 2098 facti
379 2035 488 2113 nostri,
528 2034 608 2098 sicut
639 2032 849 2115 prescriptum
882 2033 930 2095 est
963 2033 995 2094 et
1026 2030 1069 2094 ad
1101 2028 1376 2094 confirmationem
1408 2030 1440 2092 et

133 2142 320 2207 executionem
349 2142 551 2207 fraternitatis
579 2140 726 2207 benivole
754 2140 846 2205 nobis
869 2138 990 2204 collate.
1033 2136 1161 2202 Testes:
1193 2137 1341 2203 dominus
1363 2135 1439 2201 Otto

132 2244 356 2314 donateriensis
388 2248 566 2333 episcopus,
599 2249 748 2315 dominus
782 2247 985 2313 Bembardus
1017 2246 1064 2312 vir
1096 2245 1211 2311 nobilis
1245 2245 1286 2312 de
1318 2245 1439 2328 lippia,

133 2352 248 2421 doninus
279 2357 447 2424 Conradus
480 2376 588 2423 comes
618 2358 659 2422 de
688 2356 865 2436 Retbberffi
900 2355 1012 2421 milites
1044 2353 1208 2420 'lidericus
1239 2354 1280 2421 de
1310 2350 1439 2434 Sirsato,

132 2460 289 2532 teubertus
311 2467 352 2532 de
374 2466 523 2553 Viueis,¹)
554 2466 743 2532 Godefridus
764 2465 805 2529 de
827 2463 967 2542 Hesnen,
998 2461 1162 2528 'lidericus
1183 2466 1216 2528 et
1237 2463 1440 2528 Hermannus

131 2571 163 2636 de
178 2572 313 2656 Wltbem,
342 2574 522 2661 Widego,¹)
553 2573 735 2640 Gerhardus
757 2571 896 2652 Busche,
928 2571 1102 2655 Heynricus
1124 2572 1199 2637 Crul
1226 2571 1357 2655 dapifer,
1386 2570 1440 2636 Jo-

131 2679 227 2750 bannes
241 2686 364 2770 dapifer
378 2686 411 2750 in
425 2684 540 2764 Retbe,
563 2683 768 2749 Hennennus
782 2682 823 2746 de
839 2679 1064 2746 betheredeslo
1085 2683 1118 2744 et
1139 2678 1190 2744 alii
1211 2698 1307 2763 quem
1323 2680 1439 2763 plures.

131 2787 221 2855 Actum
250 2792 410 2869 Claholt0;
447 2810 534 2857 anuo
567 2790 692 2857 Domini
724 2789 890 2855 millesimo
924 2789 1142 2856 ducentesimo
1176 2788 1439 2873 quinquagesimo

131 2896 220 2976 primm
241 2904 353 2966 octavo
375 2900 448 2966 Idus
469 2900 596 2983 Aprilis.

213 3058 230 3125 ¹)
248 3059 281 3114 de
300 3057 478 3127 Wiugarden.
499 3085 532 3095 -
551 3056 574 3125 ¹)
593 3056 627 3111 de
645 3055 744 3111 Rethe.

227 3201 303 3269 iberi
325 3199 433 3284 erepet
454 3217 494 3267 on
517 3197 726 3283 guiledium
747 3193 1007 3278 barrenibntten:
1040 3194 1073 3281 1)
1095 3193 1237 3261 bontcbc
1259 3211 1289 3260 n.
1311 3191 1437 3260 &irone

131 3301 192 3389 terp
209 3310 239 3395 2)
259 3310 310 3378 bet
332 3307 441 3394 tironii
462 3327 491 3375 o.
514 3306 653 3392 dtotbotp
674 3306 743 3392 (mit
764 3304 817 3370 PP
838 3303 1005 3389 tereiana)
1027 3320 1082 3370 not
1104 3303 1169 3370 bem
1190 3302 1231 3390 bt.
1252 3300 1437 3370 &utentior

130 3408 242 3501 (mum
263 3418 379 3485 tnieenb
402 3468 410 3484 .
432 3416 464 3480 S.
486 3416 637 3499 prepositi
670 3419 701 3480 et
729 3413 859 3478 ecclesie
888 3413 972 3478 beati
998 3412 1157 3478 Laurentii
1186 3412 1217 3476 in
1247 3409 1440 3489 Clarebolte,

131 3517 399 3610 ilementorum
419 3524 475 3592 nic
497 3543 538 3592 cn
558 3524 596 3605 ΙΙ,
620 3522 677 3590 itt.
699 3523 771 3589 404.

132 3821 173 3892 ²⁴·
190 3868 221 3882 -
241 3832 430 3909 Diuulrlltl.
452 3833 546 3914 1251,
568 3829 662 3916 Uilli
683 3829 713 3901 i.

271 3969 337 4036 ibet
367 3967 505 4052 remittit
534 3964 650 4049 bituri
680 3962 789 4032 bruno
819 3963 971 4044 ttbetttigt
1004 3961 1059 4028 bct
1092 3959 1270 4044 direntium
1302 3978 1343 4027 cn
1376 3960 1441 4027 bem

272 4078 377 4162 butten
399 4076 504 4144 ttlatbe
520 4073 683 4154 „Borstel“
706 4071 767 4137 unb
790 4071 835 4138 bie
858 4069 1128 4152 lteubtuduebnten
1151 4069 1240 4136 botin
1260 4068 1314 4152 cui
1336 4067 1441 4135 tiitten

271 4187 322 4254 bet
345 4184 463 4268 (breim
478 4183 553 4252 otto
572 4200 630 4251 oon
649 4179 854 4263 uertentem,
876 4179 993 4261 beldet
1014 4177 1065 4262 ibn
1087 4197 1146 4246 oon
1168 4179 1218 4244 bet
1239 4176 1442 4244 Derrcbtlidet

271 4295 371 4378 citae
391 4311 427 4378 pu
448 4293 528 4376 bein
550 4298 620 4375 ttuss
642 4290 703 4356 uub
725 4288 780 4355 ben
802 4286 957 4372 detulerit
978 4287 1043 4354 bem
1059 4285 1175 4370 illidet
1195 4284 1331 4370 teignitt
1353 4284 1442 4370 batte

272 4404 337 4472 bem
359 4399 587 4480 honnenttoitet
612 4418 646 4484 pu
669 4396 840 4480 mensiune.

368 4535 513 4608 Drinium:
533 4532 712 4604 &tthbctttptb
732 4529 847 4603 tiltitet.
883 4528 980 4587 beust:
1008 4525 1179 4597 &uberioris
1196 4524 1324 4596 uelttesse
1342 4522 1381 4582 (ὅ.
1400 4524 1444 4592 62,

370 4624 420 4681 itt.
438 4624 499 4679 vn.

232 4744 338 4810 Bruno
368 4743 425 4809 Dei
454 4743 555 4825 gratia
576 4740 830 4823 Osnaburgensis
860 4739 977 4804 electus
1007 4735 1156 4802 omnibus
1184 4734 1443 4815 inperpetuum.

128 4841 168 4910 Ex
179 4852 348 4935 approbata
363 4851 536 4917 multorum
552 4848 781 4916 consuetudine
797 4848 938 4913 noscitur
955 4864 975 4910 a
990 4843 1198 4928 prudentibus
1219 4840 1443 4918 introductum,

126 4959 155 5022 ul
172 4977 206 5026 ea
225 4981 286 5047 que
306 4966 443 5045 aguntur
464 4961 497 5026 in
517 4957 662 5044 te'mpore
685 4977 727 5023 ne
748 4957 841 5023 simul
863 4974 937 5022 cum
957 4953 1134 5040 tempore¹)
1150 4948 1339 5028 dilabantur,
1360 4948 1445 5014 bene

204 5083 527 5145 nutrimentorum
540 5086 579 5132 m
1023 5074 1026 5079 ’
1214 5046 1233 5109 9
