3210 5424
776 380 842 436 1252
1437 355 1480 425 43

129 541 190 608 55.
217 580 255 590 -
279 542 377 628 Apud
398 543 543 628 pontem
566 543 681 612 ltacb.
704 546 798 626 1252,
819 544 905 625 baut
927 547 978 617 18.

306 699 443 769 uersam
465 701 606 788 dbetbcrt
624 721 683 771 nun
698 704 859 786 montinio,
881 705 974 785 Suttc
996 701 1073 783 letne
1090 697 1253 783 bencbtin
1276 695 1336 762 uub
1354 695 1477 779 &optio

303 809 347 876 tte
375 808 533 893 ehematiae
563 811 676 894 (licitu
704 830 762 878 uon
791 811 907 892 beuta,
940 809 1059 876 lituttet
1085 809 1135 875 bet
1162 807 1265 889 Sutto,
1299 804 1476 889 tiberttcgcn

304 917 358 985 beu
387 917 438 986 bct
466 918 584 1003 &uptiis
616 920 771 1004 petingen
803 919 933 1003 ebemctt
955 912 1366 1000 biottodltcuenobctgiltben
1388 910 1475 993 ΜΒ

303 1026 389 1108 toute
412 1026 458 1094 bic
479 1027 529 1095 bct
545 1028 638 1109 {tutto
660 1048 719 1096 non
740 1029 796 1096 beu
811 1027 1037 1112 aeutenoutger
1054 1025 1172 1108 broten
1194 1023 1238 1091 bei
1253 1022 1333 1105 ittet
1351 1019 1476 1104 usitati)

302 1137 357 1202 nit
390 1133 473 1217 broi
504 1135 638 1216 bonnet)
666 1156 725 1204 oon
753 1135 949 1220 senectute
976 1132 1170 1213 ibetmieteue
1202 1129 1406 1216 &ercongota
1436 1147 1477 1196 nn

302 1242 418 1327 {lilibet
439 1243 515 1311 Dtto
537 1263 596 1312 non
618 1244 756 1325 winter
778 1245 838 1313 uub
861 1241 937 1327 letne
960 1244 1069 1327 ttirtbe.

399 1395 542 1468 Ottptuut:
569 1396 662 1468 pausa
681 1394 735 1452 unt
755 1390 1167 1464 bennut=tttcttu01tenbutg.
1204 1388 1301 1450 oruc:
1328 1386 1480 1454 titiniano,

398 1482 442 1541 td.
462 1483 544 1542 Μ.
563 1485 615 1552 111,
633 1483 683 1540 vo.
702 1483 763 1539 540.

257 1617 300 1680 In
319 1617 445 1681 nomine
466 1614 617 1696 Domini3
638 1636 739 1682 einen.
783 1614 966 1680 Walramus
987 1615 1103 1682 nobilis
1124 1616 1165 1681 de
1187 1615 1362 1698 Munzjoye,
1392 1611 1479 1676 tutta

122 1741 212 1788 uxor
241 1723 398 1789 Walrami
430 1729 463 1789 et
492 1724 613 1808 Sophia
644 1729 747 1791 mater
778 1723 863 1788 tutte
898 1725 1059 1808 quondam
1093 1723 1263 1789 cometissa
1295 1723 1327 1786 in
1360 1720 1478 1785 Vecthe

123 1832 281 1897 omnibus
319 1833 351 1897 in
383 1837 585 1917 perpetuum.
628 1833 787 1911 Quoniam
828 1833 1045 1917 sollempniter
1080 1836 1152 1898 acta
1189 1836 1292 1898 tractu
1325 1829 1477 1913 temporis

127 1942 282 2008 excidunt
302 1963 322 2008 a
344 1944 505 2009 memoriis
527 1942 703 2022 hominum,
733 1943 791 2007 nisi
813 1943 918 2024 scripti
940 1942 1120 2007 testimonio
1143 1944 1370 2024 perennentur,
1400 1958 1478 2022 pro·

129 2048 206 2115 inde
228 2051 288 2116 hiis
309 2051 419 2116 litteris
441 2054 595 2117 annotare
618 2051 826 2127 decrevimus,
849 2051 935 2133 quod
959 2050 1109 2134 quicquid
1129 2047 1260 2115 dominii
1277 2047 1477 2112 habebamus

134 2162 188 2222 aut
220 2157 411 2224 hereditario
442 2163 498 2223 aut
531 2160 643 2242 quovis
675 2158 737 2223 alio
767 2159 838 2241 jure
871 2158 913 2222 ab
947 2158 1064 2223 Ottono
1102 2159 1265 2240 quondam
1297 2158 1412 2222 comite
1444 2155 1477 2220 in

136 2262 298 2330 lllothovve
328 2266 361 2330 in
382 2267 639 2349 proprietalibus,
669 2267 932 2350 possessionibus,
964 2267 1084 2344 castris,
1118 2266 1354 2344 munitionibus,
1384 2264 1477 2348 jmis·

142 2371 330 2454 dictionibus,
352 2374 488 2452 vasallis,
510 2375 691 2441 hominibus
713 2396 784 2441 cum
807 2374 1011 2440 universitate
1033 2394 1071 2439 ac
1093 2376 1180 2439 omni
1196 2377 1267 2459 jure
1283 2373 1370 2458 quod
1384 2373 1477 2439 nobis

145 2483 335 2562 competebat
358 2487 390 2547 et
411 2484 498 2566 quod
519 2485 561 2549 ad
584 2503 643 2549 nos
665 2485 788 2550 devolvi
810 2487 936 2567 poterat
958 2485 1087 2549 nomine
1110 2483 1244 2567 predicti
1265 2482 1395 2549 dominii
1417 2501 1477 2546 nos

149 2588 264 2654 ecclesie
283 2590 525 2655 Monasteriensi
547 2595 579 2656 et
600 2591 709 2656 Ottoni
732 2593 873 2657 secundo
896 2595 964 2676 ejus
986 2593 1138 2675 episcopo
1168 2592 1265 2656 libere
1286 2590 1478 2656 contulimus

153 2696 353 2762 etabsolute.
396 2699 463 2782 Ego
496 2701 591 2765 etiam
624 2699 711 2765 tutta
744 2702 859 2784 conjux
891 2699 1048 2766 Walrami
1080 2700 1166 2765 bona
1200 2718 1263 2782 que
1290 2701 1331 2764 ab
1358 2699 1477 2764 Ottone

156 2805 249 2869 comite
277 2807 316 2871 de
347 2806 603 2891 Thekeneburgh
626 2812 659 2873 et
681 2808 809 2873 Himico
839 2810 906 2891 ejus
934 2811 1011 2873 nato
1038 2808 1132 2873 michi
1164 2809 1289 2874 lucrant
1317 2808 1478 2890 assignata

157 2911 261 2978 racione
281 2914 466 2982 donacionis
476 2918 503 3003 ¹)
534 2922 664 3002 propter
695 2919 826 3000 nupcias
859 2918 945 3000 quod
975 2917 1067 2998 vulgo
1098 2914 1328 3001 mvirplvenpaoe
1349 2915 1476 2980 dicitur:

160 3018 277 3088 videlieet
296 3026 523 3108 proprietatem
545 3028 575 3092 in
592 3027 697 3110 Oythe
719 3046 791 3091 cum
814 3025 879 3090 suis
900 3025 1111 3108 pertinenciis,
1133 3026 1301 3090 cometiam
1321 3022 1478 3105 Sigheltra

161 3128 250 3195 aelia
269 3134 409 3215 predicte
425 3135 664 3200 Monasteriensi
684 3133 815 3198 ecclesie
837 3151 875 3198 ac
895 3134 1019 3216 prelato
1043 3134 1111 3216 ejus
1133 3134 1282 3217 episcopo
1304 3129 1477 3196 liberaliter

163 3237 187 3297 et
202 3234 380 3323 integraliter
403 3243 518 3307 donavi
540 3262 613 3307 curn
635 3244 722 3308 omni
741 3243 813 3325 jure
835 3241 929 3305 michi
951 3242 983 3305 ln
1005 3230 1064 3306 hiis
1086 3243 1297 3324 competente.
1320 3240 1399 3304 Item
1416 3258 1476 3306 uos

164 3338 326 3428 Walramus,
355 3349 476 3432 Sophia
499 3353 531 3414 et
551 3350 637 3416 Jutta
666 3352 706 3416 de
738 3350 887 3426 omnibus
919 3350 1019 3415 leodis
1046 3369 1108 3432 que
1137 3349 1186 3414 vel
1208 3349 1250 3414 ab
1272 3348 1405 3430 imperio
1426 3347 1476 3413 vel

164 3448 262 3520 aluude
282 3462 412 3523 nomine
434 3459 546 3540 prelati
568 3459 698 3524 dominii
720 3460 910 3524 tenebamus
932 3458 1105 3542 Symonem
1128 3460 1168 3524 de
1190 3458 1365 3536 Ghemene,
1397 3455 1476 3521 Wil-

164 3553 276 3629 helmum
298 3567 411 3631 Bucen
434 3570 466 3630 et
488 3567 649 3632 Hinricum
674 3572 784 3633 natum
807 3568 983 3649 burcgravii
1006 3570 1047 3633 de
1069 3568 1255 3648 Stromberg
1284 3570 1412 3649 recepta
1433 3567 1476 3630 ab

165 3663 197 3728 tis
213 3674 316 3756 omagii
337 3674 490 3739 fidelitate
512 3674 761 3755 infeodavimus;
792 3678 844 3759 qui
874 3677 977 3741 taliter
1007 3676 1156 3740 infeodati
1180 3693 1199 3739 a
1220 3675 1313 3739 nobis
1335 3673 1477 3755 predicta

163 3768 296 3848 leoinde
323 3787 434 3848 nostro
466 3802 623 3848 consensu
650 3789 681 3849 et
703 3787 910 3850 ratificatione
932 3783 1172 3849 Monasteriensi
1194 3782 1336 3860 ecclesie,
1367 3781 1477 3846 Ottoni

163 3882 282 3973 episcopo
313 3896 345 3956 et
380 3892 634 3959 ministerialibus
667 3895 749 3958 dicte
783 3894 912 3958 ecclesie
946 3893 1035 3958 titulo
1068 3892 1208 3975 pignoris
1241 3890 1283 3955 ad
1315 3908 1476 3953 summam

164 3992 341 4080 quadraginta
363 3998 484 4063 milium
503 4019 683 4066 marcarum
700 4001 889 4082 obligarunt.
913 4001 1062 4065 Ceterum
1081 4000 1166 4063 bona
1187 3999 1249 4064 tide
1263 3997 1476 4082 promisimus,

163 4100 229 4173 ΨΜ
247 4107 395 4187 quamdiu
416 4108 570 4188 vivemus,
594 4130 658 4175 non
680 4111 911 4193 resignabimus
933 4109 1040 4191 aliqua
1063 4107 1112 4170 vel
1134 4108 1263 4189 aliquod
1286 4107 1327 4170 de
1348 4105 1477 4188 prelatis

163 4196 239 4272 leodis
256 4211 285 4277 in
305 4233 421 4279 manus
443 4217 604 4283 dominia
627 4239 691 4302 quo
713 4223 870 4295 tenentur,
901 4218 958 4280 nisi
985 4217 1016 4280 id
1040 4215 1192 4281 iaciamus
1214 4215 1256 4279 ad
1278 4213 1476 4279 voluntatem

162 4304 388 4388 Monasteriensis
410 4326 540 4391 ecclesie
562 4331 595 4391 et
616 4329 685 4410 ejus
707 4328 846 4410 episcopi
868 4329 900 4390 et
922 4346 1018 4409 super
1040 4345 1079 4389 eo
1101 4325 1305 4408 fidejussores
1330 4321 1477 4387 dedimus

162 4419 258 4494 nobiles
276 4433 361 4498 viros
382 4434 534 4500 Adollam
560 4437 709 4501 comitem
732 4435 772 4500 de
795 4434 912 4512 Monte,
942 4432 1166 4498 Gherhardum
1187 4433 1228 4497 de
1253 4432 1476 4514 Wassenberg,

162 4523 297 4604 Cononem
327 4542 368 4607 de
397 4542 601 4608 Molenarken
632 4547 663 4607 et
693 4544 870 4608 Cornutum
903 4540 1016 4605 milites
1047 4541 1078 4603 in
1107 4539 1167 4604 bac
1199 4538 1402 4624 fidejussione
1435 4539 1477 4605 ad

162 4633 301 4712 bernium
323 4669 362 4714 ex
384 4650 480 4715 hodie
502 4651 680 4729 duraturos,
711 4655 747 4716 ut
768 4651 874 4716 medio
897 4655 1041 4732 tempore
1066 4648 1322 4714 Monasteriensis
1344 4648 1476 4714 ecclesia

162 4739 310 4822 medonta
329 4757 424 4824 feoda
447 4759 490 4823 ab
512 4778 623 4824 eorum
651 4759 788 4824 dominis
818 4761 1040 4841 consequatur.
1084 4756 1135 4822 Ad
1166 4777 1303 4841 quorum
1334 4757 1478 4840 resigna·

162 4847 259 4926 cionem
279 4883 386 4930 coram
403 4866 479 4949 ipsis
495 4867 639 4946 dominis,
664 4868 739 4932 dum
758 4867 799 4932 ab
818 4868 931 4931 eadem
947 4867 1079 4932 ecclesia
1100 4867 1299 4950 requirimur,
1321 4866 1480 4932 debemus

162 4958 188 5022 et
210 4968 341 5039 volumus
373 4992 443 5038 csse
475 4975 587 5059 parati.
631 4974 700 5043 Hoc
730 4975 827 5040 etiam
857 4977 906 5038 est
936 4974 1107 5058 adjectum,
1143 4975 1230 5056 quod
1257 4993 1317 5041 nos
1348 4975 1479 5043 ecclesie
