3210 5424
715 317 784 374 1270
1365 313 1427 378 289

71 474 221 557 paginam
254 495 350 560 super
379 478 541 560 premissis
573 479 705 545 fecimus
738 483 892 548 conscribi
926 489 958 549 et
990 485 1081 567 sigilli
1116 490 1215 553 nostri
1252 490 1426 556 munimine

71 583 226 650 roborari.
270 585 348 649 Item
388 587 431 650 ad
463 588 617 670 majorem
653 592 686 653 et
717 590 899 658 uberiorem
933 593 1162 661 firmitudinem
1198 595 1298 679 sigilla
1331 618 1427 664 vene-

72 690 218 756 rabilium
242 691 381 757 virorum
405 693 549 760 Conradi
568 695 827 781 Osnaburgensis
858 699 958 779 electi,
990 702 1145 769 lobannis
1166 706 1290 770 abbatis
1313 706 1426 791 Campi

71 800 183 863 sancte
212 799 320 880 Marie,
352 800 455 867 fratris
486 806 585 870 nostri
616 806 775 873 Ludewici
804 811 953 892 superius
983 814 1130 893 premissi
1160 834 1286 880 necnon
1317 818 1426 882 uxoris

71 909 191 986 nostre,
222 907 253 971 in
283 927 419 991 quorum
442 913 608 992 presencia
637 918 745 982 omnia
774 918 931 1000 premissa
953 920 1101 987 ordinata
1122 921 1259 1002 fuerunt,
1293 923 1425 988 fecimus
1463 946 1466 951 ’

71 1014 201 1096 apponi.
224 1014 341 1080 Datum
363 1018 582 1102 Ravensberg,
605 1040 690 1090 anno
714 1024 841 1092 Domini
861 1026 1093 1110 M⁰CC⁰LXX⁰,
1117 1030 1159 1094 V⁰
1179 1031 1255 1096 ldus
1277 1032 1424 1115 Augusti.

199 1155 307 1242 &teget
339 1157 391 1226 bea
425 1159 544 1243 (breim
579 1163 634 1231 mit
669 1164 841 1252 fildieqet,
875 1167 926 1235 bea
958 1168 1101 1253 ilcopiet
1132 1169 1257 1254 uotoiq
1288 1171 1348 1238 out
1372 1171 1424 1239 bet

71 1263 165 1331 litteo
187 1282 247 1332 ooo
269 1265 454 1348 blodemdb
477 1267 594 1353 (lorii.
616 1271 726 1356 &leget
750 1275 821 1355 125,
843 1276 889 1360 7),
911 1276 991 1356 belbe
1012 1279 1068 1345 mit
1091 1277 1274 1363 ittidfoegetn
1297 1280 1424 1365 (Agnus

72 1371 156 1456 Dei),
186 1373 309 1456 giemtid)
333 1375 476 1458 erbotteo,
503 1378 559 1445 too
581 1377 633 1445 teo
655 1378 790 1464 tiifqofo
812 1383 873 1451 unt
896 1385 947 1453 ter
967 1385 1080 1469 (dodim
1102 1385 1164 1465 fort
1187 1388 1325 1453 corben
1348 1386 1425 1470 ‘lieu

72 1480 311 1565 gomeutfttetieo
334 1482 506 1567 obgefotlen.

64 1910 150 2014 424.
173 1947 331 2030 -1270,
354 1949 473 2036 aanor
493 1952 545 2023 aa.

242 2105 308 2173 §bec
329 2106 480 2191 pdpfiirbe
502 2107 641 2175 ltontiuc
664 2108 846 2176 Bernardus
866 2112 907 2177 de
926 2111 1100 2177 castaneto
1123 2114 1206 2197 theitt
1228 2115 1292 2183 bem
1315 2116 1425 2200 ‘titoni

242 2214 303 2279 ont
326 2213 430 2281 beton
452 2233 511 2282 oon
534 2214 708 2284 Danobttld
729 2217 783 2285 beo
807 2236 905 2303 orgen
928 2219 979 2287 bet
1001 2220 1231 2303 forthommim
1251 2223 1430 2309 beiengem

241 2321 368 2405 bottano
390 2323 442 2389 teo
465 2322 644 2407 &obtiduit
661 2324 820 2409 urgellen
837 2344 896 2393 ooo
911 2326 991 2394 atto
1011 2328 1204 2412 occidtriten
1226 2328 1421 2415 bonoloco&

243 2448 332 2514 orgen
354 2431 401 2498 bie
424 2431 541 2514 oculeo
564 2451 623 2500 ooo
646 2433 758 2514 titillo,
780 2433 835 2501 ten
856 2434 974 2517 broten
996 2455 1055 2504 ooo
1071 2437 1213 2519 (lettera,
1234 2440 1289 2506 ben
1306 2439 1425 2523 tlildof

241 2556 301 2604 oon
328 2538 468 2618 bitoito
501 2539 561 2607 unt
596 2542 642 2608 tle
672 2540 771 2609 &teht
792 2542 873 2610 tt'oln
904 2544 960 2610 mit
992 2543 1053 2611 unt
1087 2544 1256 2631 beooftcoqt
1288 2546 1336 2627 fre,
1370 2546 1425 2614 ben

242 2646 437 2729 aaronem
468 2647 626 2733 pnitotid
649 2651 795 2718 traillon
829 2651 889 2718 unt
916 2652 949 2718 tn
971 2650 1022 2718 ber
1045 2651 1100 2719 et.
1123 2653 1367 2738 Soboooietirdpe
1388 2672 1423 2737 go

240 2753 475 2836 oetfifeutliden
507 2756 569 2822 oob
600 2756 645 2823 bie
668 2757 833 2843 tletteionq
864 2759 911 2826 bia
934 2758 988 2841 eof
1010 2760 1144 2827 ocitereo
1166 2779 1207 2828 on
1231 2760 1339 2829 boon:
1362 2763 1423 2829 ont

239 2861 392 2946 {gefttogeo
415 2862 448 2929 in
469 2863 525 2929 ben
548 2863 670 2948 ttirqeo
692 2865 744 2933 tec
765 2866 887 2947 filiberte
908 2885 943 2949 go
964 2868 1159 2950 oeconlollen.

339 3017 439 3076 thorat:
458 3019 622 3089 facombtrt,
641 3019 823 3103 illabentem.
843 3021 926 3080 aaa.
945 3023 973 3076 11
992 3022 1043 3079 aar.
1062 3023 1123 3078 601.

197 3160 276 3225 Viris
309 3160 449 3242 providis
481 3166 514 3227 et
545 3161 687 3227 discretis
714 3212 722 3227 .
752 3209 759 3226 .
786 3162 949 3244 preposito
983 3166 1045 3227 et.
1073 3164 1226 3230 ,decano
1259 3164 1424 3230 Osnabur·

69 3269 221 3352 gensibus
252 3271 404 3353 magister
427 3270 608 3336 Bernartius
631 3271 672 3336 de
694 3271 878 3350 Castanelo,
911 3271 1031 3337 domini
1062 3290 1147 3355 pape
1179 3272 1362 3354 capellanus
1392 3276 1424 3338 et

69 3377 157 3441 sedis
179 3379 353 3460 apostolice
376 3379 519 3456 nuncius,
542 3379 679 3459 salutem
702 3382 735 3443 et
748 3378 905 3445 sinceram
920 3380 953 3443 in
972 3378 1106 3444 Domino
1129 3379 1304 3444 caritatem.
1327 3378 1423 3445 Vobis

70 3487 104 3549 et
137 3485 264 3550 cuilibet
293 3489 434 3551 vestrum
465 3488 497 3551 in
529 3487 643 3551 virtute
670 3506 695 3553 s.
718 3487 899 3552 obedientie
932 3490 965 3551 et
996 3486 1056 3551 sub
1088 3504 1172 3569 pena
1205 3488 1424 3552 excommuni-

71 3593 213 3672 cationis,
236 3612 334 3676 quam
357 3594 389 3657 in
409 3614 467 3659 vos
491 3598 523 3659 et
544 3599 685 3660 vestrum
709 3595 883 3678 quemlibet
905 3613 1032 3660 exnunc
1052 3596 1088 3658 ut
1110 3597 1227 3659 extunc
1242 3595 1372 3661 ferimus
1390 3597 1424 3660 in

66 3700 128 3764 hiis
150 3701 282 3784 scriptis,
315 3703 341 3766 si
373 3702 405 3766 in
436 3703 633 3785 exequendis
655 3703 816 3768 mandatis
838 3701 955 3769 nostris
977 3703 1009 3767 in
1031 3702 1093 3768 hac
1113 3706 1205 3785 parte
1227 3703 1423 3786 negligentes

68 3807 189 3871 fueritis
212 3808 261 3872 vel
283 3809 418 3887 remissi,
451 3811 639 3875 auctoritate
669 3829 734 3894 qua
754 3810 917 3893 fungimur
938 3811 971 3874 in
993 3810 1054 3875 hac
1075 3812 1167 3894 parte
1189 3811 1328 3876 districte
1349 3831 1423 3894 pre·

67 3913 214 3996 cipiendo
237 3916 441 3994 mandamus,
464 3918 614 3999 quatinus
636 3918 845 3999 personaliter
863 3920 895 3982 in
916 3919 1030 3999 maiori
1053 3922 1085 3983 et
1104 3938 1130 3983 s.
1147 3917 1300 3983 lobannis
1317 3918 1423 3984 Osna·

66 4021 236 4102 burgensis
264 4022 396 4088 civitatis
428 4024 566 4088 ecclesiis
595 4025 771 4090 convocato
799 4023 883 4089 clero
910 4026 942 4089 et
969 4026 1089 4108 populo
1111 4023 1327 4107 infrascriptos
1349 4044 1423 4090 seu·

65 4130 193 4207 tentias,
228 4149 309 4213 quas
342 4130 402 4195 hile
433 4130 546 4195 diebus
576 4131 716 4211 tulimus,
751 4131 916 4214 publicetis
946 4134 979 4197 et
1008 4132 1129 4198 faciatis
1156 4133 1286 4214 singulis
1308 4133 1422 4198 diebus

66 4237 233 4302 dominicis
256 4241 289 4302 et
310 4238 428 4303 festivis
451 4237 584 4320 pulsatis
606 4239 771 4322 campanis
793 4240 826 4301 et
847 4239 986 4304 candelis
1007 4240 1149 4304 accensis
1168 4238 1256 4304 omni
1275 4240 1423 4305 affectata

65 4362 159 4410 mora
179 4347 357 4428 postposita
379 4365 437 4429 per
459 4345 599 4427 singulas
622 4346 770 4412 ecclesias
792 4346 926 4412 civitatis
949 4349 981 4411 et
1003 4346 1146 4429 dyocesis
1166 4345 1423 4428 Osnaburgensis

65 4452 284 4534 sollempniter
305 4453 470 4536 publicari,
492 4455 594 4521 donec
616 4472 714 4535 super
734 4453 796 4520 hoc
817 4472 837 4519 a
859 4453 954 4519 nobis
976 4453 1061 4518 aliud
1077 4451 1261 4534 receperitis
1276 4453 1310 4516 in
1329 4470 1423 4517 man·

66 4559 159 4639 datis,
182 4561 432 4629 contradictores
454 4581 512 4645 per
531 4579 700 4627 censuram
715 4561 960 4627 ecclesiasticam
976 4547 1222 4643 compescendo.
1244 4560 1421 4636 sententie,

66 4684 148 4748 quas
170 4666 311 4745 tulimus,
331 4669 372 4732 de
395 4667 511 4751 quibus
533 4668 678 4750 superius
701 4668 821 4734 mentio
843 4669 889 4748 fit,
911 4669 992 4733 tales
1014 4670 1107 4732 sunt:
1127 4716 1421 4735 ..........

192 4798 282 4883 {iolgt
319 4799 370 4868 tet
402 4799 449 4866 bet
482 4797 650 4867 focomblet
683 4816 711 4866 o.
744 4817 772 4866 o.
807 4799 849 4866 ὓ.
884 4797 1067 4884 obqebtudte
1098 4797 1293 4883 tionnipcotb
1332 4803 1422 4868 antec

66 4905 183 4991 abigent
205 4906 335 4976 §butum

150 5017 436 5076 aunonensem
452 5022 496 5066 m
1191 5008 1229 5073 19
